2909 4284
220 316 261 383 14
585 314 619 367 n.
644 316 742 366 sunu
763 313 958 366 mmm

218 465 517 552 uultsmpnlliulol
556 467 674 532 mulier
687 487 806 551 nemps
819 466 891 552 ipss
904 465 1047 543 videtur,
1278 462 1324 526 95
1435 474 1436 491 *

216 585 284 629 nou
297 584 434 648 persons
447 566 537 649 loqui
549 587 559 646 ς
580 586 682 631 vasus
695 571 729 631 st
742 567 841 649 planu
854 565 964 630 omniu
976 563 1067 628 diuus

216 661 303 726 infru
316 663 536 727 ventriculum
550 669 584 728 st
598 664 690 728 tsnui
705 664 861 728 distantis
874 663 967 727 rimu.

215 779 276 824 nso
290 763 401 824 tumen
415 761 599 826 Antiochus
612 781 673 826 nso
688 761 752 825 erit
766 760 923 825 mirabilis
935 759 1005 824 illio

165 889 167 898 v
216 862 275 920 aut
289 857 465 922 Strstoulss
479 862 537 922 aut
552 879 627 922 oum
642 858 733 923 mulli
747 857 935 925 Demetrius
948 857 1096 921 Hssmo.

216 954 306 1018 ustio
321 954 474 1020 comoeda
488 959 547 1020 nst.
591 957 688 1033 rides,
705 956 826 1020 maiore
840 955 1001 1020 usuhinno

216 1051 407 1116 concutitur
420 1073 430 1132 ς
451 1053 519 1130 flet,
535 1053 564 1117 si
577 1054 726 1118 luorimss
740 1052 912 1136 conspexit
924 1050 1033 1128 smiui,

216 1165 277 1213 nus
291 1149 379 1214 dolet
391 1170 401 1228 ς
422 1150 604 1232 igniculum
617 1152 751 1215 brumas
766 1150 794 1214 si
806 1155 954 1233 tompore
967 1167 1091 1233 possus,

216 1244 337 1328 ancipit
351 1247 573 1311 endromidem
586 1269 595 1326 ;
616 1248 643 1312 si
658 1248 779 1312 dixeris
794 1246 973 1322 “nestum’'
986 1246 1094 1310 sudst.

216 1361 284 1406 non
297 1362 409 1408 sumus
423 1363 499 1427 ergo
513 1363 627 1427 psrss:
648 1346 774 1422 melius,
790 1345 847 1428 qui
868 1361 995 1426 ssmpsr
1007 1345 1043 1406 st
1056 1337 1147 1406 umnl
1219 1398 1222 1402 .

216 1443 313 1504 nusts
327 1439 444 1525 ‹lisqus
457 1445 565 1524 potest
578 1442 684 1506 alisna
697 1461 825 1506 sumens
837 1441 970 1505 vultum

216 1537 344 1615 sisois,
360 1537 481 1602 isutsrs
495 1558 621 1616 munus,
637 1539 770 1604 laudare
784 1542 928 1623 paratus,

216 1633 244 1698 si
257 1633 340 1699 bsns
353 1635 507 1712 ruutuvit,
523 1635 551 1700 si
565 1641 691 1700 rectum
705 1636 825 1700 minxit
839 1634 974 1712 amisus,

217 1731 244 1794 si
258 1732 359 1798 trullu
372 1732 499 1797 inverso
513 1734 676 1816 crepitum
689 1734 782 1799 dedit
796 1752 893 1796 unrsu
906 1731 1023 1796 tundo.

216 1832 382 1912 prsstsrss
395 1835 546 1894 sanctum
559 1830 643 1894 nihil
656 1835 706 1894 sst
720 1849 781 1894 nso
794 1831 836 1894 ub
850 1828 986 1912 inguine
999 1829 1124 1903 tntum,

216 1943 283 1990 non
297 1932 446 1992 matrona
459 1927 547 2004 luris,
563 1947 631 1991 non
643 1927 711 1990 filiu
723 1926 828 2009 uirgo,
844 1945 950 2008 nsque
964 1923 1035 2008 ipsu

216 2041 354 2104 sponsus
366 2024 448 2088 isvis
462 2025 581 2101 adhue,
597 2043 665 2088 non
678 2023 766 2088 filins
779 2028 856 2087 ants
870 2021 1010 2106 pudieus
1023 2039 1035 2101 ς

216 2117 334 2183 horum
348 2120 375 2184 si
389 2121 472 2184 nihil
486 2126 546 2197 sst,
563 2121 669 2185 aviam
681 2121 850 2203 resupinat
863 2118 970 2184 amisi.

216 2217 298 2281 suits
312 2219 429 2281 volunt
442 2225 566 2282 secretu
580 2219 695 2282 domus
708 2222 808 2300 utque
822 2217 899 2280 indo
913 2213 1035 2281 timori.
1158 2239 1165 2248 ¹

217 2318 251 2377 st
264 2315 419 2397 quonium
433 2315 540 2397 uospit
556 2315 752 2380 Grssuurum
767 2315 902 2390 mentio,
918 2311 1023 2377 trunsi

83 2473 87 2482 ,
217 2411 383 2493 gymnasia
396 2416 494 2494 utque
508 2411 586 2475 sudi
599 2413 728 2476 sasinus
742 2411 873 2475 maioris
886 2410 1020 2476 abollae.

217 2507 339 2571 stoicus
354 2508 474 2572 oceidit
489 2509 625 2572 Bursam
639 2509 765 2573 delator
778 2508 921 2572 uminum

217 2603 477 2687 discipulumque
492 2625 588 2669 senex
602 2605 673 2688 ripa
686 2605 833 2669 nutritus
847 2605 882 2668 in
896 2604 963 2681 ills,

216 2701 259 2764 ud
273 2719 370 2783 quam
386 2700 547 2783 Gorgonei
562 2703 692 2784 delapsu
706 2708 756 2766 est
769 2701 871 2785 pinns
885 2700 1008 2765 uuhslli„

216 2817 283 2861 non
297 2802 347 2861 est
362 2797 507 2862 Romano
521 2799 673 2881 cuiquam
686 2799 780 2863 locus
792 2799 858 2875 hio,
875 2799 933 2862 uhi
947 2799 1065 2880 rsgnst

217 2894 415 2976 Protogenes
429 2894 605 2976 aliquisne]
621 2895 775 2978 Diphilus
789 2900 848 2959 sut
863 2893 1097 2969 Hermarchus,

216 2990 273 3072 qui
287 2989 395 3072 gentis
409 2989 491 3055 vitio
504 3011 683 3073 numquam
697 2992 841 3073 partitur
854 2992 1006 3067 uminum,

216 3087 304 3150 solus
317 3086 426 3150 habet.
470 3107 547 3150 num
562 3087 782 3150 uum'iuuilsm
796 3088 934 3152 stillavit
946 3086 982 3150 in
996 3105 1111 3150 nurum

216 3183 372 3265 exiguum
387 3183 428 3246 ds
441 3187 578 3246 nsturss
590 3184 780 3266 patriusque
794 3204 930 3261 veneno,

214 3279 328 3345 limine
343 3300 557 3356 summoveor,
574 3281 743 3362 perierunt
756 3286 904 3363 tempora
916 3280 1008 3364 longi

215 3376 339 3440 servitii
354 3397 363 3454 3
383 3396 545 3461 nusquam
559 3377 666 3440 minor
680 3381 730 3442 est
743 3377 869 3441 iactura
883 3378 1023 3441 clientis.

256 3474 345 3556 quod
358 3493 454 3556 porro
468 3474 621 3549 officium,
636 3493 678 3537 ns
692 3475 785 3538 nohis
799 3474 957 3549 blandiar,
974 3477 1033 3537 aut
1045 3471 1137 3556 quud

215 3569 368 3655 pauperis
382 3569 436 3633 hio
451 3571 615 3645 meritum,
632 3569 659 3633 si
674 3575 767 3634 uurst
781 3575 877 3634 noctu
891 3574 1025 3652 togatus

216 3688 355 3744 uurrsrs,
373 3687 447 3732 uum
458 3673 587 3750 praetor
599 3667 749 3731 lictorem
763 3659 910 3749 impellit
925 3667 1020 3732 stirs

216 3763 426 3850 praecipitum
440 3764 552 3829 iubent
564 3765 689 3829 dudum
704 3764 914 3846 vigilantibus
928 3765 1027 3840 orbis,
