2909 4284
272 279 314 344 82
642 289 675 338 u.
700 289 799 340 ruem
818 289 1013 341 murreum

270 441 389 508 multoe
403 459 499 526 porro
511 438 610 518 vider,
627 459 706 524 quoe
719 459 812 524 eeepe
824 441 933 531 elneus
945 444 987 509 ed
1000 443 1108 530 iprum

269 539 408 610 creditor
424 537 595 604 introitum
608 537 689 604 eolet
702 543 869 622 expeotere
881 533 1019 620 meoelli,

268 647 303 710 et
315 641 431 726 quibus
444 637 480 702 in
495 635 562 702 eolo
576 635 705 702 vivendi
719 655 815 702 eoum
827 639 936 723 peleto
947 644 1006 706 eet

267 740 414 824 egregins
426 739 519 802 oenet
533 733 711 817 meliusque
724 735 921 802 miserrimus
933 738 1050 804 horum

268 847 301 904 et
314 839 380 903 oito
391 854 522 902 morou
535 834 600 898 iem
615 833 801 918 perlueente
813 835 920 900 mine.

268 935 389 1000 interea
401 935 516 1016 guntur
531 931 688 997 elementa
701 950 761 1015 per
773 932 883 998 omniu
894 941 1054 1018 quaerunt

267 1051 446 1116 numquam
459 1029 568 1096 animo
581 1029 693 1115 pretiis
708 1031 926 1116 opetentibnr3
946 1032 1124 1099 interimi

266 1131 431 1208 rdtendee,
448 1131 549 1214 megin
562 1130 619 1195 illu
633 1130 747 1196 invent
759 1151 841 1215 qnee
853 1130 957 1216 plnrie
968 1135 1127 1196 ementur.

267 1248 343 1311 ergo
355 1229 437 1294 hent
450 1228 580 1294 diffieile
594 1231 643 1292 eet
657 1228 836 1312 periturum
847 1249 1002 1294 moenere
1014 1248 1173 1294 enmmem

266 1327 411 1393 leneibne
423 1325 578 1410 oppositie
592 1324 642 1390 vel
657 1326 771 1390 metris
784 1327 925 1410 imagine
938 1328 1052 1404 nnete,

267 1429 300 1491 et
314 1423 556 1508 quadringentis
571 1423 713 1488 nummis
733 1424 865 1488 eondire
878 1423 1028 1507 guloeum

267 1521 380 1602 fletiie;
401 1519 446 1587 rie
461 1520 597 1587 veniunt
609 1521 651 1586 ed
666 1521 862 1586 mieoilieneo
873 1521 955 1586 ludi.

267 1621 367 1686 retert
380 1639 456 1702 ergo
469 1618 540 1703 quie
554 1618 633 1684 heee
646 1619 757 1684 eodem
771 1622 877 1702 peret3
898 1618 935 1682 in
947 1617 1060 1684 Rutilo
1071 1638 1150 1684 nem

266 1717 394 1782 luxurie
406 1719 466 1794 eet,
481 1715 518 1780 in
531 1715 688 1781 Ventidio
701 1715 860 1782 leudebile
873 1735 992 1782 nomen

267 1814 367 1879 sumit
379 1816 413 1879 et
424 1833 446 1877 e
457 1831 555 1878 oeneu
570 1813 690 1878 semem
704 1813 817 1877 trehit.
859 1811 953 1878 illum
965 1832 1025 1896 ego
1038 1812 1108 1878 iure

267 1911 450 1994 deepioinm,
466 1909 522 1994 qui
536 1909 597 1976 eoit
611 1913 733 1993 quento
752 1909 919 1975 sublimior
930 1909 1048 1974 Atlune

266 2009 414 2074 omnibus
427 2008 463 2072 in
477 2007 580 2090 Libye
592 2007 635 2073 eit
649 2006 825 2085 montibne,
840 2007 895 2073 hio
907 2011 1017 2072 temen
1030 2007 1118 2072 idem

267 2107 394 2189 ignoret
408 2107 566 2190 quantum
580 2106 702 2170 terrete
714 2105 814 2169 distet
825 2105 867 2170 eb
878 2125 952 2170 eree

267 2203 421 2269 eeoouiuu.
465 2203 583 2268 eoeelo
596 2203 762 2268 deseendit
772 2203 859 2286 γιῦθι
870 2205 988 2267 onorio

267 2302 431 2384 figendum
445 2306 479 2366 et
491 2301 624 2366 memori
640 2303 845 2368 trentendurn
857 2307 997 2386 pectore,
1013 2301 1080 2367 rire

267 2399 454 2481 coniugium
469 2419 600 2482 qneerer
613 2401 663 2465 vel
677 2401 757 2465 seori
772 2401 808 2464 in
820 2405 912 2484 porte
925 2404 1054 2464 eenetue

267 2517 333 2562 esee
347 2496 568 2580 velie-neque
582 2496 669 2562 enim
682 2498 813 2563 lorioem
826 2499 930 2581 poenit
942 2496 1082 2562 thillir

267 2594 441 2672 Thersites,
458 2593 494 2657 in
508 2614 572 2677 que
584 2615 618 2660 ee
631 2597 819 2662 truduoebet
832 2596 985 2661 Vlixee-

265 2691 440 2776 enoipitem
454 2712 510 2757 eeu
524 2697 562 2757 tn
575 2713 693 2777 magno
707 2694 892 2760 dieorimine
904 2713 1033 2758 oeumnr

265 2793 432 2873 protegere
445 2790 597 2868 odientes,
614 2795 646 2855 te
660 2793 802 2868 ooneule,
817 2792 871 2856 dio
884 2790 945 2855 tibi
959 2789 1017 2873 qni
1029 2788 1085 2866 eie,

266 2891 373 2952 orator
386 2887 555 2952 vehemens
568 2908 610 2952 en
625 2889 758 2953 Oortine
771 2895 805 2953 et
818 2889 931 2952 Metho
944 2888 1074 2952 buwee.
1154 2904 1157 2909 ·

266 2984 427 3048 noeoende
438 2987 488 3048 eet
501 3005 649 3049 mensure
661 2985 711 3048 eui
726 2986 959 3068 epeotnndeqne
972 2984 1066 3048 rebor

265 3081 301 3144 in
315 3080 448 3144 summis
462 3080 679 3164 minimisque,
694 3082 793 3146 etiem
805 3103 881 3146 onm
894 3080 992 3163 pireie
1003 3084 1141 3158 emetur,
1163 3121 1165 3125 .

265 3198 306 3243 ne
320 3178 459 3243 mullum
474 3178 594 3262 eupiee,
610 3199 684 3243 enm
698 3179 742 3243 eit
755 3179 814 3244 tibi
827 3179 922 3262 gobio
935 3181 1065 3242 tuntum

265 3277 300 3340 in
313 3276 436 3350 loculis.
481 3276 555 3359 quie
567 3276 653 3340 enim
668 3280 701 3342 te
714 3277 881 3342 definiente
894 3275 1041 3340 crumina

264 3380 298 3438 et
310 3377 470 3438 oreeeente
484 3374 561 3456 gule
574 3378 683 3438 munet
695 3375 811 3451 exitur,
826 3394 897 3438 uero
910 3378 1045 3457 paterno

264 3491 301 3536 ee
315 3472 408 3536 rebus
422 3471 532 3537 mereie
545 3471 581 3534 in
594 3479 740 3536 ventrem
754 3471 892 3536 foenoris
904 3475 1001 3552 etque

263 3569 388 3651 urgenti
402 3570 507 3653 grevie
520 3574 553 3635 et
566 3590 717 3653 peoorum
731 3589 944 3652 agrorumque
957 3568 1133 3651 oeqooemt

264 3666 382 3730 telibue
396 3686 415 3731 e
428 3666 569 3734 dominis
579 3670 653 3750 poet
665 3677 782 3731 ennete
794 3665 985 3731 novieeimnr
995 3665 1065 3729 exit

264 3762 391 3839 anulus,
407 3764 441 3828 et
453 3761 556 3846 digito
569 3761 731 3828 mendieet
745 3761 849 3828 Pollio
861 3762 960 3827 nudo.
