2909 4284
598 332 734 381 SATVBA
755 333 777 380 V

133 484 253 550 luserit
266 483 394 548 Aeneas
406 503 467 548 nec
481 484 549 549 filia
561 484 688 549 dulcior
701 484 781 564 illo;

134 583 320 646 iucundum
335 586 369 645 et
383 603 494 645 carum
509 583 628 646 sterilis
643 583 725 646 iacit
740 603 822 647 uxor
835 583 986 649 amicum.

134 681 193 744 sed
207 685 267 744 tua
281 700 369 742 nuno
384 680 509 762 Mycale
522 680 628 762 pariat
642 679 720 742 licet
735 685 768 743 et
782 701 899 762 pueros
913 685 980 744 tres

133 777 172 840 in
186 776 348 858 gremium
362 776 465 858 patris
479 777 599 840 fundat
613 777 723 852 semel,
741 777 810 859 ipse
823 775 952 858 loquaci

133 873 293 955 gaudebit
306 873 395 948 nido,
412 870 548 937 viridem
561 874 696 937 thoraca
708 873 835 936 iubebit

133 969 258 1033 adierri
272 970 485 1052 minimasque
499 991 599 1035 nuces
613 991 779 1053 assemque
792 975 955 1052 rogatum,

133 1067 178 1130 ad
192 1087 337 1131 mensam
350 1068 500 1150 quotiens
514 1068 674 1151 parasitus
688 1068 815 1132 venerit
828 1068 948 1133 iulans.

176 1164 296 1228 vilibus
310 1165 468 1248 ancipites
482 1165 580 1248 iungi
594 1171 761 1249 ponentur
774 1165 897 1242 amicis,

133 1262 265 1326 boletus
280 1263 422 1339 domino,
439 1263 495 1326 sed
510 1264 621 1347 quales
637 1263 794 1327 Claudius
807 1263 877 1326 edit

134 1364 213 1424 ante
228 1360 322 1425 illum
335 1361 455 1436 uxoris,
471 1365 657 1444 postquem
671 1361 755 1424 nihil
770 1361 909 1443 amplius
922 1360 1001 1427 edit.

177 1456 276 1522 Virro
291 1458 351 1522 sibi
366 1463 400 1521 et
413 1458 547 1541 reliquis
561 1459 757 1523 Virronibus
771 1459 828 1522 illa
841 1457 967 1521 iubebit

133 1573 234 1637 poma
247 1556 328 1631 dari,
344 1575 483 1637 qnorum
497 1557 565 1620 solo
578 1556 719 1638 pascaris
734 1555 843 1631 odore,

133 1648 246 1730 qualia
259 1654 435 1732 perpetuus
449 1649 632 1713 Phaeacum
645 1654 825 1712 autumnus
838 1647 989 1724 habebat,

134 1747 363 1830 erederequac
376 1747 478 1829 possis
492 1748 646 1829 subrepta
660 1747 824 1810 sororibus
838 1746 950 1810 arrirz

133 1845 175 1904 tu
189 1843 295 1907 scabie
308 1843 426 1907 frueris
440 1843 528 1920 mali,
545 1845 633 1926 quod
646 1843 682 1907 in
693 1863 810 1926 aggere
823 1843 911 1906 rodit

133 1940 193 2024 qui
208 1941 333 2024 tegitur
346 1962 458 2024 parma
473 1948 506 2006 ot
520 1942 613 2024 galea
626 1945 840 2025 metuensque
855 1940 975 2023 flagelli

133 2037 233 2101 discit
247 2039 287 2101 ab
301 2037 428 2102 hirsuta
442 2038 584 2102 iaculum
598 2042 751 2120 torquere
765 2038 897 2119 capella.

176 2133 316 2197 forsitan
330 2134 483 2216 inpensae
498 2133 670 2196 Virronem
686 2153 818 2217 parcere
832 2135 954 2199 credas.

135 2232 201 2296 hoc
216 2233 338 2314 agitat
352 2232 461 2295 doleas
473 2252 483 2310 3
496 2251 574 2295 nam
587 2251 671 2314 quac
685 2231 863 2307 comoedia,
880 2231 999 2295 mimas

136 2329 213 2412 quis
228 2328 341 2393 melior
354 2328 504 2411 plorante
518 2329 595 2410 gula
610 2330 625 2393 i
666 2349 743 2412 ergo
757 2328 867 2393 omnia
880 2329 976 2404 flunt,

135 2427 166 2492 si
179 2427 295 2502 nescis,
313 2430 351 2488 ut
363 2446 421 2509 per
434 2425 582 2490 lacrimas
596 2427 762 2490 offundere
776 2425 874 2490 bilem

136 2523 265 2607 cogaris
279 2542 452 2606 pressoque
467 2524 524 2587 din
540 2523 677 2587 stridere
692 2523 816 2588 molari

136 2625 180 2686 tu
192 2620 255 2683 tibi
270 2620 351 2684 liber
361 2619 459 2684 homo
472 2624 506 2682 et
520 2620 605 2702 regis
620 2620 757 2685 conviva
770 2619 912 2684 videris:

86 2795 89 2802 ι
136 2723 273 2801 captum
287 2723 321 2781 tc
335 2717 450 2780 nidore
465 2737 542 2780 suae
555 2721 652 2800 putat
667 2717 722 2782 ille
738 2716 877 2792 culinae,

135 2836 198 2880 nec
213 2814 296 2878 male
311 2815 473 2878 coniectat
485 2834 494 2891 ;
509 2814 582 2897 quis
596 2815 684 2878 enim
697 2819 767 2878 tam
780 2815 900 2890 nudus,
916 2818 956 2877 ut
968 2814 1062 2878 illum

135 2913 187 2979 bis
202 2913 298 2989 ferat,
316 2913 494 2975 Etruscum
508 2931 609 2993 puero
624 2913 651 2976 si
667 2913 808 2994 contigit
822 2932 938 2974 aarum

135 3011 309 3075 celnodus
324 3013 455 3073 tantum
469 3012 503 3083 et
518 3008 648 3091 signum
663 3010 703 3072 de
718 3029 860 3092 paupere
874 3008 972 3073 loro?

135 3127 210 3191 spes
223 3108 305 3171 bene
320 3105 458 3170 cenandi
471 3126 528 3170 ros
542 3106 673 3189 decipit.
721 3112 814 3170 ‘ecce
829 3107 920 3170 dabit
933 3107 997 3170 iam

135 3225 297 3270 semesam
311 3204 454 3286 leporem
468 3207 566 3287 atque
580 3203 704 3288 aliquid
719 3205 759 3267 de
774 3204 925 3268 clunibus
938 3204 1019 3286 apri,

135 3303 180 3368 cd
193 3323 252 3366 uos
267 3302 331 3365 iam
345 3303 455 3366 reniet
469 3303 575 3366 minor
589 3302 713 3366 altilis!
754 3303 831 3366 inde
845 3306 959 3386 parato

135 3400 326 3483 intactoque
341 3419 452 3464 omnes
467 3404 501 3464 et
515 3401 630 3464 striato
644 3419 727 3483 pane
742 3400 868 3465 tacetis.

135 3498 192 3561 ille
207 3497 293 3580 rapit
307 3497 363 3581 qui
378 3501 412 3561 te
427 3498 474 3561 ric
489 3498 605 3562 utitur.
652 3497 761 3560 omnia
776 3499 861 3561 ferre

135 3594 164 3660 si
177 3600 280 3678 potes,
298 3601 331 3658 ct
346 3595 451 3660 debes.
496 3596 692 3679 pulsandum
708 3597 827 3660 vertice
840 3616 912 3660 raso

133 3693 304 3776 praebebis
318 3693 512 3775 quandoque
527 3698 627 3775 caput
640 3713 700 3757 nec
716 3695 799 3756 dura
813 3692 942 3756 timebis

135 3791 236 3873 flagra
249 3788 330 3872 pati,
347 3788 399 3852 his
413 3790 517 3872 epulis
531 3794 565 3854 et
578 3789 637 3854 tali
651 3790 771 3873 dignus
784 3791 898 3855 amico.
