2909 4284
583 341 586 348 ⁴
609 298 744 392 sams
765 341 811 390 111

153 511 223 558 non
237 491 366 558 iaciunt
380 490 430 558 illi
444 511 525 578 qnos
539 490 686 557 vicimus.
730 496 765 557 et
777 496 889 558 tamen
902 513 989 559 uuus

154 591 331 655 Armenius
346 590 474 655 Zalaces
488 590 617 654 cunctis
631 595 784 655 narratur
797 591 929 674 ephebia

153 690 285 753 mollior
298 688 425 752 ardenti
440 708 507 752 sese
521 687 693 752 indulsisse
706 689 850 753 tribuno.
1194 689 1256 756 166

153 787 264 870 aspice
278 787 358 869 quid
371 787 495 850 iaciant
510 787 723 850 commercia:
744 791 877 851 venerat
891 787 994 864 obses,

153 885 209 948 hio
224 887 310 947 fiunt
323 884 480 948 homines.
524 904 600 947 nam
615 885 642 948 si
655 905 747 949 mora
759 885 887 968 longior
901 886 1016 950 urbem

153 982 294 1046 indulsit
307 977 427 1064 p'ueris,
443 1002 510 1045 nou
524 1001 703 1064 numquam
717 982 803 1045 derit
816 986 951 1047 amator.

153 1077 334 1139 mittentur
347 1075 461 1138 bracae
476 1075 601 1138 cultelli
615 1075 709 1138 irena
722 1075 909 1171 flagellumr

153 1172 201 1236 sic
215 1174 436 1255 praetextatos
448 1171 597 1238 referunt
611 1171 771 1236 Artaxata
783 1190 899 1238 mores.

598 1415 749 1471 sarvssa
771 1415 817 1471 111

155 1562 311 1642 Quamvis
324 1562 470 1648 digressu
483 1562 601 1628 veteris
615 1562 771 1628 confusus
785 1563 892 1642 amici,

153 1660 255 1726 laudo
268 1663 390 1736 tamen,
406 1659 517 1724 vacuis
530 1659 619 1742 quod
633 1659 743 1723 sedem
758 1661 857 1743 figere
871 1659 985 1727 cumis

154 1759 300 1822 destinet
313 1762 412 1840 atque
426 1776 529 1820 unum
543 1757 647 1820 civem
662 1758 783 1821 donare
798 1757 947 1841 Sibyllae.

152 1856 254 1920 ianus
268 1855 420 1920 Baiarum
434 1858 484 1919 est
497 1859 532 1918 et
544 1859 674 1936 gratum
688 1855 769 1919 litus
783 1855 910 1920 amoeni

152 1973 308 2018 secessus.
353 1973 412 2036 ogo
426 1953 478 2017 vel
493 1952 689 2036 Prochytam
703 1972 867 2035 praepono
882 1953 1051 2034 Suburae;
1228 1955 1253 2021 d

151 2071 232 2115 nam
247 2051 327 2134 quid
340 2055 408 2114 tam
422 2050 586 2126 miserum,
603 2053 671 2113 tam
686 2051 792 2114 solum
806 2051 959 2127 vidimus,
973 2053 1092 2117 utnon

151 2148 300 2212 deterius
313 2149 424 2212 credas
437 2147 567 2212 horrere
582 2147 744 2224 incendia,
760 2147 871 2230 lapsus

150 2249 317 2309 tectorum
331 2245 483 2309 adsiduos
495 2263 533 2309 ae
547 2244 637 2308 mille
657 2245 804 2327 pericula
817 2264 931 2310 saevae

150 2343 247 2406 urbis
259 2346 293 2407 et
306 2343 457 2426 Augusto
471 2342 645 2407 recitantes
659 2362 770 2406 meuse
784 2346 897 2425 postas
911 2343 927 2408 i

148 2441 212 2507 sed
225 2441 304 2504 dum
318 2445 390 2504 tots
403 2440 518 2504 domus
532 2441 628 2504 raeda
642 2440 850 2522 componitur
863 2457 940 2516 una,
1210 2442 1252 2507 1⁰

148 2538 303 2604 substitit
316 2539 358 2602 ad
371 2542 495 2602 veteres
509 2557 602 2601 arcus
617 2537 845 2620 madidamque
860 2537 1034 2628 Oapenam.

147 2635 208 2702 hie
223 2635 279 2699 ubi
293 2639 473 2699 noctumao
487 2635 598 2698 Numa
612 2634 834 2698 constituebat
847 2634 1012 2698 amicae-

9 2734 16 2741 ’
146 2752 243 2799 nuno
257 2733 339 2796 sacri
352 2731 455 2796 fontis
468 2752 583 2795 nemus
597 2735 631 2796 et
645 2732 780 2795 delubra
792 2732 943 2796 locantur

148 2830 283 2894 Iudaeis
297 2850 435 2914 quorum
449 2829 608 2912 cophinus
622 2830 821 2911 faenumque
836 2828 993 2912 supellex,

148 2927 259 2992 omnis
273 2928 360 2990 enim
373 2927 494 3009 populo
507 2926 689 2990 mercedem
703 2927 845 3008 pendere
858 2926 946 2990 iussa
959 2929 1010 2990 eat
1211 2930 1251 2992 lb

147 3025 248 3090 arbor
261 3029 295 3088 et
309 3025 420 3088 eiectis
434 3024 599 3087 mendicat
614 3023 695 3087 silva
710 3024 903 3088 Camenis-

147 3122 318 3188 invallem
333 3120 469 3204 Egeriae
483 3117 757 3185 descendimus'et
772 3122 942 3203 speluncas

148 3219 324 3284 dissimiles
337 3219 431 3283 veris.
475 3222 598 3302 quanto
612 3219 815 3300 praesentius
825 3222 909 3282 esset

147 3337 275 3382 numen
289 3317 392 3400 aquis,
408 3316 505 3382 viridi
520 3316 547 3379 si
561 3316 707 3398 margine
721 3316 869 3380 eluderet
882 3315 989 3380 undas

145 3416 251 3480 herba
265 3435 326 3478 neo
340 3414 520 3497 ingenuum
533 3413 693 3477 violarent
707 3433 869 3477 marmora
882 3413 1001 3478 tofum.
1207 3417 1249 3479 20

191 3513 245 3576 hic
260 3518 341 3575 tunc
356 3511 542 3575 Vmbricius
559 3512 709 3593 ‘quando
723 3511 866 3575 artibus’
879 3510 990 3594 inquit
1006 3510 1169 3576 ‘honestis

145 3611 262 3674 nullus
276 3611 311 3673 in
326 3611 405 3673 urba
418 3610 520 3684 locus,
536 3609 627 3672 nulla
642 3609 861 3672 emolumenta
873 3607 1033 3684 laborum,

146 3728 201 3773 res
214 3708 313 3772 hodie
327 3707 434 3771 minor
449 3713 508 3783 est,
525 3707 602 3770 here
617 3727 715 3789 quam
728 3706 807 3782 fuit,
824 3710 924 3789 atque
938 3706 1050 3771 eadem
1064 3725 1135 3772 cras

148 3807 279 3869 deteret
294 3805 420 3888 exiguis
434 3803 569 3888 aliquid,
583 3803 795 3887 proponimus
808 3803 889 3868 illuc
988 3857 992 3863 ,
