2909 4284
504 969 638 1038 LIBER
665 973 857 1041 TERTIVS

567 1147 716 1206 SATVRA
738 1150 795 1206 VII

126 1314 174 1380 Et
187 1335 258 1400 spes
271 1318 305 1380 et
317 1313 399 1380 ratio
412 1314 592 1379 studiorum
605 1312 640 1377 iu
657 1315 790 1380 Caesare
804 1320 946 1384 tantum.

125 1411 213 1476 solus
226 1412 312 1477 eninr
326 1411 433 1474 tristes
447 1410 508 1475 heo
522 1415 709 1494 tempestate
724 1413 878 1480 Camenae

125 1509 277 1593 respexit,
292 1529 366 1574 oum
381 1508 444 1572 iam
458 1509 594 1573 celebres
607 1510 741 1592 notique
755 1518 866 1594 poetae

125 1607 309 1671 balneolum
326 1606 446 1683 Gabiis,
464 1607 583 1672 Romae
597 1609 778 1674 conducere
791 1611 906 1676 iurnoe

124 1708 333 1787 temptarent,
348 1724 408 1772 uec
420 1705 552 1770 foedum
566 1704 622 1769 ulii
635 1725 695 1770 neo
709 1709 805 1789 turpe
816 1711 969 1790 putarent

124 1823 295 1886 praecones
309 1803 388 1878 fieri,
404 1823 479 1866 cum
493 1803 625 1868 desertis
640 1803 825 1887 Aganippes

124 1901 262 1964 vallibus
275 1900 416 1965 esuriens
429 1900 582 1982 migraret
595 1899 630 1964 in
644 1901 726 1964 atria
741 1901 822 1966 olio.

124 2017 202 2062 nam
216 1997 243 2062 si
258 1997 363 2062 Pierio
375 1998 534 2080 quadrans
548 1997 608 2061 tibi
622 1998 733 2062 nullus
746 1999 781 2062 in
794 2001 908 2064 umbra

124 2095 325 2172 ostendatur,
340 2115 426 2159 amsa
438 2115 556 2162 nomen
571 2095 756 2178 rictumque
770 2095 956 2163 Machaerae

123 2196 158 2256 et
171 2193 290 2257 vendas
303 2192 420 2275 potius,
437 2192 604 2256 commissa
617 2193 703 2275 quod
717 2193 824 2258 unctio
838 2194 949 2258 rendit

124 2289 296 2366 stantibus,
312 2289 529 2372 oenophorum
545 2288 683 2372 tripedes
698 2289 833 2354 armaria
846 2289 942 2356 cirus

124 2386 299 2452 Alcithoen
313 2386 417 2462 Pacci,
434 2386 559 2451 Thebae
572 2389 606 2450 et
620 2386 722 2451 Terea
735 2385 857 2451 Fausti.

124 2486 186 2549 hoc
199 2483 300 2548 natiue
313 2505 408 2567 quem
422 2484 449 2548 si
464 2484 549 2548 dicae
563 2484 622 2548 sub
636 2484 742 2548 iudico
759 2485 865 2548 ‘vidi'

124 2583 211 2666 quod
226 2602 292 2646 non
306 2581 426 2657 vidisti,
442 2581 564 2645 iaciant
577 2581 700 2662 equites
715 2581 827 2645 Asiani

123 2682 365 2762 quemquamst
380 2677 581 2760 Oappodocea
595 2677 717 2741 iaciant
731 2678 916 2762 equitesque
930 2679 1077 2761 Bithyni,

123 2777 225 2841 altera
239 2795 318 2857 quos
331 2775 420 2839 nudo
434 2775 575 2838 troducit
590 2774 693 2838 Gallia
708 2775 782 2838 talo.

124 2892 220 2936 nemo
234 2875 341 2935 tamen
356 2870 470 2934 studiis
484 2871 655 2953 indignum
670 2872 754 2934 terre
767 2871 908 2934 laborem

125 2972 258 3052 cogetur
271 2968 413 3050 posthac,
429 2969 530 3032 nectit
544 2968 738 3052 quicumque
751 2968 874 3032 canoris

125 3065 289 3149 eloquium
302 3064 408 3129 vocale
422 3065 525 3129 modia
537 3065 727 3148 laurumque
742 3066 925 3130 momordit.

126 3164 187 3228 hoc
200 3163 297 3245 agite,
313 3163 483 3229 oiuvenea.
528 3163 746 3246 circumspicit
760 3168 794 3227 et
807 3164 953 3229 stimulet
964 3185 1021 3230 roe

126 3260 356 3344 materiamque
369 3262 429 3326 eibi
442 3263 533 3328 ducis
547 3262 749 3345 indulgentia
763 3263 899 3345 quaerit.

127 3358 218 3442 siqua
232 3358 361 3422 aliunde
373 3363 468 3442 putas
481 3380 588 3424 rerum
602 3361 773 3444 spectanda
787 3365 917 3424 tuorum

125 3455 284 3539 praesidia
296 3459 393 3539 atque
406 3456 477 3521 idco
491 3477 616 3522 croceae
630 3459 816 3522 membrana
828 3457 963 3522 tabellue

126 3553 291 3636 impletur,
306 3554 467 3638 lignorum
483 3555 604 3638 aliquid
618 3575 710 3638 posce
725 3556 812 3619 ocius
826 3560 860 3619 et
873 3573 955 3636 quae

125 3650 300 3733 componis,
317 3653 402 3716 dono
414 3652 558 3727 Veneris,
576 3651 732 3728 Telesino,
749 3653 876 3729 marito,

126 3752 183 3812 aut
196 3749 289 3813 clude
302 3753 336 3812 et
349 3748 467 3832 positos
481 3750 568 3814 tinea
581 3749 740 3832 pertunde
753 3749 885 3814 libellos.

126 3846 238 3927 treuge
252 3845 348 3909 miser
361 3846 518 3910 calamum
533 3845 727 3928 vigilataque
741 3843 862 3927 proelia
874 3845 957 3921 dele,
