2909 4284
599 359 733 410 arvus
756 344 797 409 π’

143 509 287 573 officium
301 508 383 575 ratis
395 509 632 594 peragentibus.
675 509 726 576 his
740 510 869 576 monuit
881 529 952 589 nos,
1082 515 1084 520 ’

142 611 229 671 hunc
243 608 338 671 rebus
352 607 453 672 latiis
467 627 578 672 curam
592 614 751 690 precatore
765 608 886 675 solebat

142 705 253 770 fictilis
266 709 300 769 et
312 705 403 769 nullo
418 705 555 770 violatus
569 705 717 789 Iuppiter
731 727 819 771 auro.

142 805 200 867 illa
214 803 302 868 domi
316 807 406 866 natas
421 806 593 885 nostraque
606 823 646 866 cx
660 805 771 868 arbore
784 823 909 870 mensas

141 906 289 982 tempora
301 901 468 978 viderunt3
490 900 552 963 hoc
565 900 692 982 lignum
707 903 812 967 stabat
824 903 866 966 ad
879 921 969 980 usus

140 1018 296 1062 annosam
309 998 336 1062 si
348 999 434 1062 torte
450 1017 566 1061 nucem
580 998 738 1063 deiecerat
750 1019 859 1063 curus.

140 1101 176 1158 at
191 1115 280 1158 nunc
292 1095 446 1160 divitibus
459 1095 596 1159 cenandi
609 1097 701 1160 nulla
714 1097 873 1180 voluptas,

140 1193 190 1255 nil
205 1193 367 1270 rhombus,
383 1193 432 1257 nil
445 1194 574 1258 damma
587 1193 681 1276 sapit,
697 1199 811 1278 putere
825 1195 978 1259 ridentur

140 1301 311 1372 unguenta
322 1295 419 1373 atque
432 1311 530 1367 rosae,
547 1291 629 1355 latos
646 1292 709 1356 nisi
722 1291 861 1357 sustinet
872 1293 964 1358 orbes

140 1389 263 1468 grande
276 1389 355 1452 ebur
368 1393 401 1453 ct
414 1407 531 1470 magno
544 1389 690 1453 sublimis
702 1390 823 1473 pardus
836 1389 929 1454 hiatu

140 1485 294 1550 dentibus
306 1506 345 1549 cx
358 1486 423 1549 illis
437 1506 516 1569 quos
530 1487 634 1550 mittit
648 1494 742 1570 porta
755 1487 874 1569 Syenes

139 1586 174 1645 et
189 1583 296 1647 Mauri
309 1583 424 1648 celeres
437 1587 470 1647 et
484 1584 599 1648 Mauro
612 1584 776 1648 obscurior
789 1584 902 1662 Indus,

138 1684 174 1744 et
188 1700 268 1763 quos
281 1681 429 1764 deposuit
442 1681 605 1746 Nabataeo
618 1682 713 1746 belua
727 1683 812 1745 saltu

139 1777 206 1841 iem
220 1778 335 1843 nimios
348 1778 509 1862 capitique
523 1798 644 1861 graves.
686 1779 765 1843 hinc
778 1779 883 1861 surgit
896 1779 1010 1858 orexin,

138 1876 218 1939 hinc
231 1877 392 1940 stomacho
406 1875 503 1955 vires3
524 1897 600 1941 nam
614 1897 670 1960 pes
683 1882 854 1960 argenteus
867 1877 943 1955 illis,

137 1974 257 2037 cnutus
270 1972 305 2038 iu
318 1973 421 2056 digito
435 1975 521 2056 quod
535 1975 667 2039 terreus
711 1994 788 2057 ergc
801 1974 976 2057 superbum

137 2071 306 2136 convivam
319 2091 423 2148 caveo,
440 2071 496 2154 qui
511 2091 562 2136 mc
576 2071 636 2136 eibi
651 2076 815 2155 computat
828 2076 862 2137 et
874 2091 925 2137 res

136 2168 274 2250 despicit
287 2168 426 2252 exiguas
470 2169 548 2233 adeo
561 2169 652 2233 nulla
666 2170 763 2234 uncia
775 2169 867 2235 nobis

135 2271 186 2330 cst
196 2265 308 2344 eboris,
325 2287 383 2331 nec
397 2266 538 2331 tessellae
553 2285 612 2330 neo
626 2266 769 2331 calculus
782 2287 822 2331 ex
835 2267 897 2330 hac

135 2365 281 2442 muteris,
298 2364 378 2447 quin
391 2365 460 2446 ipsa
473 2363 643 2428 manubria
655 2365 862 2428 cultellorum

134 2483 232 2526 ossea.
275 2482 342 2526 non
355 2467 464 2526 tamen
478 2461 529 2525 hie
543 2462 610 2525 ulla
624 2482 779 2544 umquam
794 2460 924 2528 obsonia
935 2463 1023 2528 flunt

133 2560 302 2624 rancidula
315 2564 373 2625 aut
386 2559 458 2623 ideo
471 2559 561 2642 peior
574 2560 694 2641 gallina
708 2563 844 2623 secatur.

133 2659 188 2722 sed
203 2678 265 2722 neo
278 2661 418 2722 structor
430 2657 493 2722 erit
506 2657 559 2721 oui
574 2659 684 2722 cedere
698 2659 811 2721 debeat
824 2657 929 2722 omnis

133 2756 278 2838 pergula,
295 2755 472 2838 discipulus
486 2755 644 2838 Trypheri
659 2755 808 2832 doctoris,
825 2759 906 2838 aput
919 2775 1015 2839 quem

133 2854 260 2917 sumine
274 2873 349 2917 cum
363 2872 481 2935 magno
495 2853 586 2936 lepus
600 2857 697 2936 atquc
710 2855 788 2935 aper
801 2857 835 2916 ct
848 2867 1009 2936 pygargus

132 2956 165 3014 et
180 2949 346 3033 Scythicae
361 2951 505 3015 volucres
517 2954 551 3014 ct
563 2951 832 3033 phoenicopterus
844 2941 959 3032 ingens

131 3054 165 3112 et
180 3049 337 3112 Gaetulus
349 3068 428 3130 oryx
441 3047 549 3112 hebeti
563 3047 742 3112 lautissima
754 3048 841 3112 terro

132 3147 279 3211 caeditur
292 3150 326 3210 ct
339 3149 408 3209 tota
421 3150 514 3209 sonet
526 3145 634 3209 ulmea
647 3166 726 3210 cena
740 3145 876 3210 Subura.

132 3263 191 3307 nec
205 3244 350 3306 frustum
363 3261 493 3324 cupreae
506 3243 682 3306 subducere
696 3263 756 3306 nec
769 3244 855 3307 latus
868 3243 968 3307 Afrae

132 3340 224 3406 norit
238 3340 305 3404 aris
319 3345 438 3417 noster,
455 3340 637 3404 tirunculus
650 3361 687 3403 ac
701 3340 792 3404 rudis
805 3341 893 3405 omni

132 3443 277 3520 tempore
290 3442 324 3502 et
337 3437 470 3520 exiguas
483 3436 581 3500 furtis
594 3437 730 3501 inbutus
743 3438 867 3503 ofellae.

131 3535 272 3619 plebeios
286 3535 398 3600 calices
411 3539 446 3599 et
458 3535 568 3618 paucis
581 3536 703 3599 assibus
716 3541 841 3618 emptos

131 3633 276 3716 porriget
289 3632 433 3697 incultus
445 3653 526 3716 puer
539 3637 635 3717 atque
648 3653 668 3698 a
680 3633 801 3716 frigore
814 3636 917 3698 tutus.

132 3753 198 3796 uon
214 3731 323 3813 Phryx
336 3735 394 3796 aut
408 3731 535 3813 Lycius,
551 3751 616 3796 nou
631 3751 651 3796 a
664 3751 822 3812 mangone
835 3732 959 3814 petitus

133 3830 303 3914 quisquam
316 3828 389 3907 erit,
405 3833 439 3894 ct
451 3849 583 3911 magno:
604 3849 679 3893 cum
693 3848 812 3912 posces,
828 3848 922 3911 posce
936 3827 1062 3894 Istinc.
