2909 4284
596 275 732 325 SATVBA
753 275 792 326 VI

140 425 278 510 cogitur,
293 426 348 492 hic
361 426 485 511 trangit
500 427 630 504 ferulas,
646 427 740 492 rubet
753 427 808 491 ille
821 425 957 510 flagello,

140 525 193 588 hio
206 526 343 604 scutica3
364 530 441 589 sunt
455 545 535 607 qncc
549 525 722 589 tortoribus
735 545 844 590 annua
856 525 1029 609 praestent.

140 625 286 688 verberat
298 629 395 706 atque
408 623 510 687 obiter
523 623 637 687 taciem
652 623 739 699 linit,
755 623 848 687 cudit
860 622 978 687 amicus

140 724 197 784 aut
211 721 315 784 latum
328 720 432 803 pictae
446 721 541 785 vestie
554 721 733 784 considerat
746 740 863 784 aurum

139 822 173 882 et
185 818 301 894 caedit,
318 818 406 900 longi
420 818 533 900 relegit
547 821 724 882 transversa
737 819 848 882 diurni

139 920 172 978 et
185 915 303 991 caedit,
319 915 420 978 donec
434 914 521 978 lassis
535 915 740 978 caedentibus
756 914 840 978 ‘exi'

139 1013 267 1077 intonet
280 1013 477 1077 horrendum
490 1012 555 1076 iam
569 1012 753 1094 cognitione
766 1015 904 1096 peracta.

138 1111 341 1192 praefectura
354 1112 469 1174 domus
483 1110 591 1174 Sicula
605 1129 671 1173 non
685 1110 795 1173 mitior
807 1110 891 1174 aula.

138 1227 215 1270 nam
229 1208 256 1271 si
270 1208 439 1271 constituit
452 1208 607 1290 solitoque
621 1209 787 1271 decentius
800 1210 892 1290 optat

137 1306 246 1369 ornari
260 1310 294 1369 et
306 1308 455 1389 properat
467 1305 594 1388 iamque
608 1309 796 1388 expertetur
809 1305 844 1368 in
857 1302 961 1370 hortis

137 1409 197 1466 cut
210 1406 290 1485 aput
304 1403 422 1466 Isiacae
435 1403 543 1486 potius
557 1403 691 1466 sacraria
704 1402 805 1478 lenae,

138 1501 284 1582 disponit
296 1501 417 1564 crinem
431 1500 575 1564 laceratis
588 1501 658 1584 ipsa
670 1500 796 1583 cupillis

138 1599 229 1662 nuda
241 1619 352 1662 nmero
365 1599 476 1662 Psecas
490 1599 604 1662 inielix
618 1599 778 1681 nudisque
791 1596 952 1664 mamillis.

140 1695 257 1760 ‘altior
270 1696 324 1760 hic
337 1716 433 1779 quare
447 1697 640 1760 cincinnus?
651 1697 659 1728 ’
676 1701 786 1760 taurea
798 1695 896 1778 punit

138 1793 294 1858 continuo
307 1793 380 1857 flexi
393 1794 515 1858 crimen
530 1794 718 1875 facinusque
732 1793 850 1877 capilli.

139 1890 219 1972 quid
234 1890 346 1955 Psecas
358 1891 512 1954 admisit?
553 1911 708 1974 quaenam
723 1895 773 1954 est
785 1889 839 1954 hic
852 1889 948 1974 culpa
959 1889 1096 1974 puellae,

138 1989 165 2053 si
179 1988 241 2052 tibi
255 1988 420 2072 displicuit
432 2007 527 2052 nasus
541 1991 642 2052 tuus?
682 1989 783 2052 alteru
794 1988 921 2052 laevum

138 2086 285 2149 extendit
298 2086 460 2170 pectitque
474 2106 579 2150 cernas
591 2093 626 2149 et
638 2085 739 2149 volvit
752 2085 788 2149 in
802 2085 922 2150 orbem.

138 2187 187 2247 est
201 2183 237 2246 in
251 2183 383 2246 consilio
397 2187 540 2247 materna
552 2184 744 2264 admotaque
757 2183 840 2247 lanis

138 2281 273 2345 emerita
286 2300 366 2362 quae
379 2287 478 2344 cesset
491 2300 566 2359 acn3
588 2281 748 2344 sententia
760 2280 866 2363 primu

138 2377 238 2441 huius
250 2377 323 2454 erit,
339 2382 412 2461 post
426 2379 508 2441 hanc
521 2382 625 2442 aetate
639 2381 736 2459 atque
750 2383 818 2441 arte
831 2377 973 2444 minores

138 2475 325 2548 censebunt,
341 2479 504 2557 tamquam
517 2477 622 2538 famae
635 2475 807 2538 discrimen
820 2479 935 2556 agatur

139 2578 197 2637 aut
210 2573 345 2636 animae.
391 2577 480 2636 tanta
493 2576 541 2636 est
555 2573 728 2655 quaerendi
743 2593 821 2636 curu
834 2571 970 2653 decoris3

138 2675 190 2735 tot
202 2671 322 2753 premit
335 2670 510 2746 ordinibus,
527 2678 576 2734 tot
589 2670 695 2734 adhuc
709 2671 907 2752 conpagibus
920 2671 1023 2735 altum

138 2769 288 2832 aedificat
301 2775 408 2852 capnt.
452 2768 699 2832 Andromachen
713 2789 733 2831 a
745 2769 853 2832 fronte
866 2768 1000 2844 videbis,

139 2872 212 2950 post
226 2865 402 2942 minorent,
418 2865 527 2930 credas
540 2865 644 2929 aliam.
689 2865 768 2929 cedo
781 2866 808 2929 si
822 2866 916 2929 breve
929 2863 1020 2949 parvi

140 2963 254 3028 sortita
266 2967 315 3026 est
327 2962 436 3026 lateris
448 2963 599 3046 spatium,
616 2962 803 3045 breviorque
817 2963 945 3027 videtur

140 3061 266 3144 virgine
282 3059 439 3143 Pygmaea
451 3060 549 3124 nullis
563 3061 673 3124 adiuta
686 3061 864 3136 cothurnis,

140 3164 173 3224 et
184 3159 265 3224 levis
278 3163 383 3222 erecta
395 3158 559 3240 consurgit
571 3159 612 3222 ad
626 3158 733 3221 oscula
745 3159 877 3250 planta

180 3256 272 3320 nulle
286 3257 346 3320 viri
359 3276 436 3320 cure
449 3257 570 3321 interea
585 3277 642 3320 nec
656 3256 777 3320 mentio
790 3258 846 3321 fiet

141 3357 343 3419 damnorum.
387 3355 467 3418 vivit
481 3360 644 3438 tamquam
659 3354 764 3418 vicina
777 3353 897 3432 meriti,

141 3453 202 3518 boc
217 3452 283 3516 solo
296 3452 425 3536 propior
439 3453 524 3536 quod
539 3453 655 3516 amicos
672 3453 817 3534 coniugis
830 3453 900 3517 odit

140 3554 173 3615 et
186 3569 302 3626 servos,
319 3551 445 3632 gravior
458 3551 645 3620 rationibus.
690 3571 762 3614 ecce
776 3550 915 3614 furentia

142 3648 293 3713 Bellonae
307 3647 480 3730 matrisque
495 3649 592 3712 deum
605 3649 721 3712 chorus
735 3647 836 3711 intret
849 3652 882 3712 et
895 3649 1009 3730 ingene

142 3746 283 3823 semivir,
298 3745 450 3810 obscoeno
463 3746 561 3810 iacies
574 3747 746 3812 reverende
760 3745 888 3820 minori,
