2909 4284
222 419 263 485 μ
594 397 627 446 D.
652 395 751 445 man
771 389 963 442 Ivaunum

113 535 117 543 ¹
223 552 279 635 qni
293 551 372 617 lacis
385 551 421 616 in
435 571 532 636 parra
544 549 693 615 sublimia
705 547 848 612 carmina
860 545 951 620 cella,

223 655 261 713 at
274 649 392 732 dignm
407 647 513 712 venias
526 647 652 711 hederis
666 650 700 708 et
713 644 854 725 imagine
868 661 983 706 macra.

222 768 293 830 spes
306 747 396 810 nulla
408 745 555 822 ulterior3
578 743 692 806 didicit
705 743 769 805 iam
784 742 871 804 diaes
884 757 997 804 avarus

223 850 351 908 tantum
365 841 527 918 admirari,
544 845 672 906 tantum
686 839 816 903 laudare
829 838 973 912 disertos,

223 944 262 1004 ιιι
275 939 366 1024 paeri
380 939 514 1003 lunonis
526 958 628 1001 avem.
672 937 727 1000 scd
738 936 855 1000 defluit
868 937 954 998 aetas

223 1042 257 1102 et
269 1037 372 1122 pelagi
386 1037 511 1120 patiens
524 1039 558 1100 et
570 1035 698 1098 cassidis
713 1038 809 1117 atque
822 1031 949 1114 ligonis.

223 1136 329 1199 taedia
342 1138 422 1198 tnnc
435 1135 574 1198 subeunt
588 1132 720 1208 animos,
736 1134 819 1198 ‚tuno
832 1149 927 1212 eoque
940 1145 1093 1209 suamque

224 1231 455 1314 Terpsichoren
469 1231 538 1295 odit
551 1229 691 1294 facunda
705 1232 740 1292 et
752 1228 841 1290 nuda
854 1229 1007 1290 senectus.
1031 1237 1040 1300 ,’

264 1328 370 1411 accipe
385 1348 471 1391 nanc
485 1331 578 1391 artos.
623 1346 665 1389 ne
679 1327 758 1407 qnid
772 1325 831 1387 tihi
847 1324 991 1386 conterat
1004 1320 1065 1383 iste

224 1447 320 1509 quem
334 1425 411 1488 colis
424 1429 458 1488 et
471 1424 636 1488 Musarum
650 1426 684 1486 et
696 1421 859 1504 Apollinis
873 1419 950 1484 aeda
964 1417 1087 1492 relicta

223 1524 291 1604 ipse
304 1523 384 1586 iacit
397 1542 515 1595 versus,
531 1525 628 1602 atque
642 1521 701 1582 uni
714 1520 801 1583 cedit
815 1519 955 1581 Homero

223 1624 354 1705 propter
367 1618 455 1682 mille
468 1638 578 1682 annos.
622 1620 656 1681 et
669 1617 696 1680 si
710 1615 881 1680 dulcedine
894 1615 998 1678 lamae

223 1735 391 1780 succensus
404 1715 527 1790 recites,
544 1713 723 1778 Maenianis
736 1712 918 1776 commodat
930 1711 1033 1773 aedes.

224 1814 301 1877 haec
314 1813 409 1894 longe
423 1814 542 1876 ferrata
555 1813 669 1875 domus
682 1811 800 1874 servire
813 1810 953 1885 iubetur,

224 1912 260 1973 in
274 1931 337 1992 qua
350 1909 500 1973 sollicitas
514 1909 660 1972 imitatur
674 1908 771 1972 ianua
783 1911 900 1989 portas.

224 2008 285 2071 scit
298 2007 373 2070 dare
386 2007 516 2069 libertos
529 2013 671 2069 extrema
684 2005 719 2067 in
734 2008 825 2086 parte
840 2003 980 2067 sedentis

224 2104 345 2168 ordinis
359 2107 393 2166 et
406 2122 537 2184 magnas
549 2102 705 2165 comitum
719 2101 886 2182 disponere
900 2119 1006 2163 voces:

224 2221 319 2263 nemo
333 2200 424 2262 dabit
437 2201 559 2281 regum,
577 2199 690 2280 quanti
705 2198 854 2261 subsellia
867 2199 1016 2261 constant

224 2303 351 2379 atquae
366 2298 524 2360 conducto
537 2297 681 2378 pendent
693 2295 870 2358 anabathra
883 2294 989 2375 tigillo

225 2413 369 2476 quaeqae
383 2394 582 2476 reportandis
595 2393 701 2474 posita
714 2395 763 2455 est
776 2392 938 2455 orchestra
950 2389 1120 2453 cathedris

224 2510 282 2555 nos
295 2494 403 2553 tamen
417 2491 478 2553 hoc
491 2490 616 2571 agimus
629 2490 784 2570 tenuique
797 2489 832 2551 in
846 2489 977 2571 pulvere
990 2485 1095 2548 sulcos

225 2587 372 2672 ducimus
386 2589 420 2650 et
432 2587 510 2649 litus
524 2586 624 2649 sterili
638 2606 798 2649 versamus
811 2591 925 2649 aratro.

225 2704 300 2748 nam
314 2683 340 2746 si
354 2683 506 2758 discedas,
521 2682 634 2764 laqueo
647 2686 738 2745 tenet
751 2680 911 2745 ambitiosi

225 2780 420 2842 consuetudo
434 2780 525 2856 mali3
547 2782 636 2841 tenet
649 2779 824 2863 insanabile
837 2780 956 2842 maltos

225 2876 381 2938 scribendi
396 2877 559 2938 cacoethes
574 2879 608 2937 et
621 2895 715 2954 aegro
728 2875 764 2936 in
778 2876 872 2938 corde
885 2875 1029 2939 senescit

225 2972 280 3035 sed
295 2976 401 3034 vatem
414 2969 590 3051 egregiam,
607 2971 659 3033 cui
674 2989 739 3032 non
753 2970 796 3033 sit
809 2971 939 3052 publica
951 2989 1045 3045 rena,

225 3067 281 3149 qui
295 3067 341 3128 nil
357 3066 536 3147 expositum
551 3066 649 3128 soleat
663 3065 830 3139 deducere,
847 3085 905 3129 neo
919 3065 976 3147 qni

224 3162 388 3226 communi
402 3161 499 3226 feriat
512 3181 639 3223 carmen
653 3162 779 3225 triviale
792 3166 931 3237 moneta,

224 3261 323 3333 hunc,
341 3259 467 3339 qualem
481 3277 603 3338 nequeo
617 3262 794 3321 monstrare
808 3262 842 3321 et
855 3258 959 3324 sentio
973 3263 1116 3335 tantum,

225 3355 384 3418 anxietate
398 3373 507 3416 carens
521 3352 646 3416 animus
660 3354 750 3428 iacit,
768 3355 871 3417 omnis
884 3357 989 3419 acerbi

225 3451 396 3532 inpatiens,
412 3449 549 3531 cupidus
562 3449 713 3512 silvarum
727 3455 886 3532 aptusque
899 3451 1047 3515 bibendis

225 3546 370 3609 fontibus
384 3545 558 3608 Aonidum.
602 3565 706 3626 neque
720 3548 806 3609 enim
821 3552 949 3611 cantare
962 3551 1023 3612 sab
1035 3555 1132 3614 antro

226 3641 330 3704 Pierio
344 3641 554 3723 thyrsumque
569 3646 674 3722 potest
687 3644 873 3724 contingere
888 3652 1007 3708 maesta

225 3740 396 3818 paupertas
408 3741 503 3818 atque
516 3737 596 3798 aeris
610 3737 712 3816 inops,
729 3758 793 3818 quo
807 3745 900 3803 nocte
913 3743 1031 3823 dieque

226 3847 342 3912 corpas
355 3834 442 3911 egetr
463 3835 552 3913 satur
564 3834 613 3894 ast
626 3851 701 3892 cum
715 3833 795 3894 dicit
809 3834 963 3900 Horatiae
979 3837 1130 3903 ‘euhoe-⁹
