2909 4284
588 307 722 356 emm
743 307 807 355 xlv
1186 315 1245 380 103

147 469 312 518 serrorum
325 454 452 517 ventres
465 454 573 527 modio
585 455 720 537 oestiget
733 455 846 538 iniquo

146 550 216 632 ipse
230 568 357 632 quoque
369 549 520 626 esuriens,
535 570 639 634 neque
653 551 742 616 enim
755 553 864 618 omnis
875 554 1013 617 sustinet
1025 573 1179 635 umquem

146 647 278 712 muoide
291 647 427 712 eeerulei
440 649 532 731 panis
545 669 731 714 consumere
744 652 859 727 truste,

146 745 334 808 hesternum
347 746 459 810 solitus
471 747 576 811 medio
590 768 713 812 servem
727 748 864 811 minutal

146 842 320 925 septembri
333 863 393 906 neo
406 863 473 906 non
486 843 615 907 differre
629 845 665 907 in
679 851 824 927 tempore
836 865 931 910 eenee
1187 853 1246 914 130

145 939 281 1003 alterius
294 941 446 1003 oonehem
459 942 610 1004 eestivem
624 962 698 1004 eum
712 946 803 1025 perte
815 943 926 1007 leeerti
1177 940 1180 944 ⁴

145 1033 310 1114 signatam
324 1034 376 1098 rel
391 1033 527 1098 dimidio
541 1034 696 1117 putrique
710 1034 822 1112 siluro,

110 1158 111 1162 ¹
147 1129 266 1210 filoque
279 1126 390 1192 seotivi
403 1132 571 1192 numerate
582 1128 747 1192 includere
759 1127 862 1212 porri;

145 1221 304 1289 invitatus
316 1225 354 1288 ed
372 1224 449 1288 haee
461 1226 577 1309 aliquis
590 1226 630 1289 de
644 1229 741 1308 ponte
755 1226 895 1306 negabit.

146 1323 204 1385 sed
218 1342 282 1404 quo
294 1322 423 1386 divitias
435 1323 513 1386 haec
527 1343 584 1404 psr
598 1326 759 1387 tormonte
771 1327 904 1398 eosetes,

146 1439 224 1484 eum
237 1421 329 1484 furor
341 1420 422 1484 haut
436 1420 563 1496 dubius,
579 1441 654 1485 enm
668 1421 710 1484 sit
723 1420 894 1484 manifesto
906 1421 1079 1502 phrenesis,

146 1521 188 1580 ut
201 1518 341 1599 locuples
355 1518 510 1593 morieris,
525 1518 648 1598 egentis
661 1518 767 1582 vivere
779 1518 873 1581 nto?

147 1615 271 1679 interes
284 1615 377 1698 pleno
391 1619 587 1697 sumturget
600 1616 745 1680 seoeulus
757 1634 821 1690 ore,

146 1713 262 1776 ereseit
274 1733 364 1776 amor
377 1713 513 1787 nummi,
530 1717 687 1795 quantum
702 1713 771 1795 ipse
783 1713 919 1795 pecunie
931 1714 1041 1789 erevit,

146 1812 182 1874 et
195 1809 302 1872 minus
316 1809 399 1873 hano
413 1814 503 1892 optet
517 1809 574 1891 qui
588 1829 653 1873 non
667 1810 773 1874 hebet.
818 1829 894 1891 ergo
906 1812 1037 1891 peretur
1075 1812 1078 1816 ’

146 1907 337 1970 attenevilla
351 1907 421 1981 tibi,
437 1927 510 1971 eum
525 1927 581 1970 rus
594 1926 659 1970 non
673 1907 792 1970 suffieit
805 1926 920 1981 unum,

146 2010 181 2068 et
194 2005 336 2088 proferro
349 2005 428 2067 libet
442 2006 522 2067 fines
536 2003 699 2086 maiorque
712 2003 840 2067 videtur

145 2105 180 2166 et
193 2102 306 2164 melior
321 2101 424 2165 vieine
437 2121 536 2183 seges,
552 2101 701 2165 merearis
714 2104 748 2164 et
761 2101 845 2165 hono
857 2104 891 2164 et

146 2200 277 2263 arbusta
289 2201 323 2262 et
335 2199 433 2262 dense
446 2202 589 2262 montem
603 2197 659 2280 qui
673 2203 767 2262 eenet
780 2199 874 2262 olive.

146 2316 285 2378 qnorum
299 2296 325 2359 si
340 2296 443 2378 pretio
456 2295 606 2359 dominus
619 2315 686 2359 non
699 2295 842 2359 vincitur
855 2295 933 2370 ullo,

146 2399 241 2459 noete
254 2394 348 2458 boves
361 2393 460 2456 moeri
473 2393 616 2476 lassoque
628 2393 777 2456 temeliee
790 2393 871 2456 eollo

146 2492 293 2556 iumenta
305 2492 347 2556 ad
360 2491 477 2554 virides
489 2490 587 2554 huius
600 2492 773 2554 mittentur
784 2490 906 2566 aristes,

146 2609 206 2653 neo
221 2589 310 2672 prius
323 2588 398 2652 inde
413 2590 546 2652 domum
560 2609 657 2671 quom
670 2591 740 2653 tote
752 2589 878 2652 novalis
890 2604 997 2652 saevos
1074 2643 1076 2647 .

146 2687 182 2750 in
196 2691 323 2750 ventres
335 2686 461 2762 abeant,
477 2690 516 2749 ut
528 2687 638 2750 eredas
651 2687 789 2750 falcibus
802 2689 921 2750 netum.

145 2785 252 2848 dioere
266 2783 321 2848 rix
334 2784 433 2867 possis
446 2804 544 2865 quom
558 2783 654 2846 multi
669 2783 747 2848 telis
759 2784 886 2866 plorent

145 2886 180 2945 et
193 2884 275 2964 quot
288 2882 412 2944 venales
425 2881 544 2963 iniuria
557 2881 671 2945 feeerit
684 2902 785 2962 egros.

146 2979 202 3042 sed
217 2978 273 3062 qui
287 2999 456 3052 sermones,
473 2999 570 3060 quem
584 2979 695 3042 ioedee
710 2978 828 3041 bueino.
841 2980 953 3042 inmee.

148 3075 249 3158 ‘quid
263 3079 357 3139 noeet
369 3075 492 3139 heeet'
507 3075 616 3157 inquit
632 3075 796 3139 ‘tunicam
810 3075 891 3137 mihi
905 3077 990 3138 mele
1002 3076 1109 3159 lupini

146 3193 245 3254 quem
259 3174 286 3236 si
300 3193 350 3237 me
364 3176 433 3237 toto
446 3173 557 3236 laudet
570 3173 687 3236 vieinin
701 3193 783 3255 pege

145 3269 255 3350 exigui
269 3270 353 3334 ruris
365 3270 555 3353 paucissimo
567 3271 653 3334 ferra
667 3271 851 3334 secantem!

146 3365 268 3430 scilieet
281 3369 314 3430 et
327 3367 445 3431 morbis
459 3370 492 3431 et
506 3367 670 3431 debilitate
683 3368 813 3443 carebis,

146 3466 180 3525 et
192 3462 321 3527 luctum
334 3468 368 3529 et
381 3485 491 3529 eurem
505 3465 649 3547 effugies,
665 3469 699 3529 et
712 3469 857 3548 tempora
870 3466 955 3528 vitee

145 3558 242 3642 longe
255 3560 316 3625 tibi
329 3562 462 3645 postheo
475 3563 544 3627 foto
558 3563 688 3627 meliore
701 3563 877 3638 dabuntur,
975 3628 979 3638 ⁸

94 3653 97 3658 ’
145 3656 317 3721 sitantum
329 3659 411 3724 culti
424 3659 510 3724 solus
524 3661 699 3745 possederis
711 3659 792 3742 egri,

146 3757 304 3836 quantum
320 3757 380 3820 sub
394 3757 488 3823 Tatio
505 3759 645 3838 populus
659 3759 822 3822 Romanus
835 3757 955 3822 arebat.
