2909 4284
595 319 730 371 eleves
751 322 790 371 Vl

138 482 226 545 certe
240 495 338 543 senus
351 493 432 540 eres.
475 492 620 563 morem,
637 473 803 551 Poslume‚
820 472 913 539 ducis
927 473 944 540 l

138 576 203 652 dic,
219 593 284 658 qus
298 572 487 655 Tisiphone,
504 570 622 655 quibus
636 571 800 653 exagitare
814 570 956 636 colubris
969 569 986 636 l

137 675 225 738 lerre
237 675 329 755 potes
343 668 509 734 dominum
522 668 618 733 solvis
631 672 684 732 tot
697 668 838 732 restibus
852 669 965 746 uilem,

138 791 215 834 cum
228 772 364 852 puteant
376 766 461 830 alteo
476 764 716 848 caligantesque
730 766 903 843 tenesmo,

138 889 215 932 cum
229 865 290 930 tibi
304 864 449 929 vicinum
463 883 497 927 se
510 863 663 945 prsebeet
676 863 837 928 Aemilius
849 883 932 947 pons
946 862 963 930 P

138 970 197 1030 sut
211 964 238 1028 si
253 963 294 1027 de
307 961 420 1025 multis
433 960 544 1024 nullus
558 960 666 1043 plecei
679 962 797 1038 exitus,
812 961 897 1025 illud

138 1081 248 1126 nonne
261 1065 358 1145 putas
371 1057 498 1135 melius,
516 1058 605 1140 quod
619 1061 731 1122 lecum
744 1058 839 1141 pusio
853 1056 1002 1124 dormit?

138 1160 233 1243 pusio
247 1158 305 1242 qui
318 1161 419 1221 noctu
434 1176 500 1220 non
515 1155 637 1238 litiget,
655 1156 759 1238 exigit
772 1176 793 1220 s
805 1161 841 1221 te

137 1258 230 1321 nulls
243 1257 352 1320 iacens
366 1254 433 1318 illic
448 1254 654 1330 munusculo,
671 1273 733 1318 nec
747 1254 898 1337 queritur
910 1253 1000 1339 quod

138 1360 173 1419 et
185 1353 282 1419 lateri
295 1371 408 1436 psrcss
421 1371 482 1415 nec
496 1355 658 1434 quonium
672 1351 769 1415 iussit
782 1351 924 1417 anheles.

179 1451 237 1516 sed
250 1451 358 1534 piacet
371 1448 502 1515 Vrsidio
514 1449 568 1513 lex
582 1449 678 1526 Iulis,
695 1448 810 1513 tollere
825 1449 956 1516 dulcem

138 1550 264 1633 cogitet
277 1547 441 1623 heredem,
458 1545 621 1612 cariturus
634 1550 767 1611 turture
781 1564 901 1630 magno

137 1647 379 1728 mullorumque
392 1643 477 1708 iubis
491 1647 526 1708 et
540 1647 707 1727 cupidiore
720 1643 867 1710 mseello.

139 1744 220 1828 quid
234 1743 304 1808 fieri
318 1761 384 1806 non
398 1761 491 1824 posse
512 1745 620 1824 putes,
638 1740 665 1804 si
679 1741 832 1824 iungitur
846 1741 916 1808 ulls

137 1839 299 1907 Vrsidio?
338 1838 589 1903 simoechorum
603 1838 793 1903 notissimus
808 1838 888 1904 elim

138 1939 243 2004 stultu
255 1935 397 2000 msutsli
411 1935 473 1999 ism
489 1935 629 2018 porrigit
643 1954 700 1999 ers
714 1935 867 2018 capistro,

139 2057 238 2120 quem
251 2034 372 2100 totiens
382 2033 467 2097 texit
481 2033 619 2116 perituri
635 2033 717 2098 cista
734 2032 845 2097 Latini
860 2033 878 2100 P

137 2134 219 2218 quid
234 2132 322 2217 quod
336 2136 369 2196 et
383 2131 527 2213 antiquis
541 2150 624 2194 uxor
637 2131 678 2194 de
691 2131 837 2195 moribus
852 2129 902 2196 illi

137 2229 336 2315 quaeritur?
375 2227 537 2306 omcdici,
553 2227 689 2292 nimium
703 2229 894 2312 pertundite
906 2249 1032 2298 renem.

137 2328 272 2393 delicias
285 2325 436 2391 hominis.
480 2326 656 2409 Tarpeium
669 2326 771 2390 limen
784 2325 883 2392 edors

137 2445 262 2510 pronus
276 2428 310 2489 ct
323 2429 471 2488 cursuum
487 2423 608 2488 Iunoni
624 2424 721 2488 ccede
737 2424 921 2503 iuvencum,

137 2523 168 2589 si
181 2523 243 2587 tibi
257 2521 433 2604 contigerit
447 2521 563 2604 cepitis
577 2523 727 2586 melrons
740 2521 864 2604 pudici.

135 2640 262 2704 peuces
276 2619 356 2683 odeo
368 2617 492 2683 Cereris
506 2618 606 2684 vittas
620 2620 811 2702 contingere
825 2619 954 2703 dignes,

137 2737 280 2800 querum
292 2735 360 2780 non
373 2714 488 2781 timeri
501 2719 596 2798 puter
609 2717 730 2781 osculo.
773 2721 869 2782 necte
883 2737 1037 2785 coronam

136 2814 289 2898 postibus
303 2816 337 2878 el
350 2813 467 2878 densos
480 2832 539 2896 per
548 2812 664 2878 limine
676 2814 776 2878 lende
791 2815 959 2897 corymbos
974 2834 984 2881 r

138 2931 227 2975 unus
242 2910 419 2974 Hrlserinse
433 2909 483 2975 vir
498 2910 649 2975 sufficit?
689 2911 780 2976 ocius
793 2911 877 2976 illud

138 3007 358 3091 extorquebis,
376 3010 415 3071 ut
428 3007 508 3072 hsce
522 3008 617 3073 oculo
631 3012 788 3073 contente
800 3009 845 3074 sit
857 3030 935 3076 uuo.

137 3125 261 3189 mogus
273 3110 384 3170 temen
397 3106 486 3169 rama
499 3108 550 3170 esi
564 3105 735 3171 cuiusdam
748 3127 825 3171 rure
838 3113 977 3190 paterno
1199 3115 1240 3178 δῦ

138 3202 292 3268 viventis.
336 3202 426 3268 visst
441 3202 563 3282 Gsbiis,
581 3208 621 3268 ul
635 3202 719 3269 vixit
732 3204 768 3268 in
783 3225 873 3288 egro,

138 3299 232 3364 visst
245 3298 388 3376 Fidenis,
404 3303 438 3364 et
452 3300 556 3382 agello
570 3300 650 3365 cedo
663 3304 811 3384 paterno.

139 3396 215 3478 quis
229 3401 340 3461 temen
353 3397 505 3462 adfirmet
517 3397 566 3462 nil
580 3402 692 3463 actum
704 3398 741 3462 in
754 3400 922 3464 montibus
935 3403 994 3465 sut
1006 3400 1044 3467 in

138 3492 306 3576 speluncis
320 3493 336 3558 l
376 3494 458 3559 sdeo
472 3498 652 3560 senuerunt
665 3496 816 3579 Iuppiter
829 3502 864 3562 et
878 3497 996 3563 Mers?

181 3589 405 3673 porticibusue
419 3592 480 3657 tibi
494 3595 696 3658 monstretur
708 3595 833 3659 femine
845 3599 922 3660 voto
1200 3600 1242 3663 60

137 3686 243 3770 digus
255 3690 316 3752 tuo
329 3688 345 3754 l
384 3689 496 3754 cuneis
510 3709 552 3754 su
565 3689 688 3755 hebeni
701 3693 888 3775 specteeuls
900 3691 980 3758 totis

137 3783 231 3865 quod
244 3803 378 3852 seeum
391 3806 480 3854 emes
492 3787 644 3874 quodque
657 3787 735 3855 iude
747 3809 918 3874 excerpere
931 3789 1063 3875 possis?
