2909 4284
237 353 279 437 56
604 354 636 403 D.
661 353 759 404 mm
779 353 973 403 limium

232 515 267 574 et
279 527 369 574 roras
381 507 507 592 agitant
519 507 593 572 litos
605 511 733 590 raptore
746 507 872 584 rolioto;

233 609 306 672 fuss
319 625 441 671 venena
453 605 559 682 silent,
575 605 679 669 mulus
691 604 900 688 ingratusque
912 605 1060 682 maritus,

233 708 267 769 et
281 725 361 788 quus
375 704 439 767 iem
454 707 574 767 veteres
587 707 701 766 sanant
715 702 867 766 mortaria
880 721 997 765 menos.

232 822 309 885 ergo
322 800 383 866 sibi
397 801 487 865 dabit
500 787 567 884 ipse
581 801 705 876 rudem,
722 801 748 864 si
763 803 873 864 nostra
885 800 1060 863 movebunt

233 900 375 977 oonsilio,
391 904 424 964 et
438 899 522 962 ritae
536 899 697 962 diversum
711 899 774 962 iter
787 897 999 980 ingredietur,

233 997 274 1062 ud
287 1017 430 1080 pugnam
444 997 500 1079 qui
515 995 672 1060 rhetorica
685 996 850 1060 deseendit
863 996 904 1059 ab
917 984 1042 1071 umbra,

233 1094 394 1158 summula
407 1113 448 1157 no
461 1096 570 1177 pereat
583 1111 647 1174 qua
659 1093 733 1156 silis
746 1091 967 1156 temeraverit

233 1191 399 1255 frumenti.
444 1191 562 1274 quippe
575 1190 653 1254 haee
666 1209 786 1253 meroes
799 1188 986 1252 lautissima
1030 1189 1163 1269 tempta,

235 1288 459 1371 Chrysogonus
472 1287 585 1371 quanti
599 1287 711 1352 doesat
725 1286 775 1350 val
790 1286 881 1350 Polio
895 1284 1009 1367 quanti

234 1384 395 1448 lautorum
409 1403 537 1468 pueros:
558 1388 660 1448 artem
674 1383 800 1448 soindes
814 1382 985 1446 Theodori.

233 1482 347 1546 balnea
359 1481 507 1546 sesoeutir
520 1485 554 1546 et
567 1481 670 1564 pluris
682 1480 826 1563 porticus
839 1481 874 1543 in
888 1500 952 1562 qua

234 1583 377 1662 gestetur
390 1579 539 1644 domiuus
552 1579 700 1661 quotiens
713 1579 924 1660 pluit-anne
936 1597 1083 1642 serenum

233 1682 379 1760 expectet
393 1680 583 1759 spargatque
596 1676 667 1739 luto
681 1675 827 1738 iumenta
838 1676 984 1738 rooeutii

234 1774 288 1838 hio
301 1773 419 1858 potius,
436 1793 574 1855 namque
588 1772 642 1837 hio
655 1772 796 1835 mundae
809 1773 895 1836 nitet
907 1772 1030 1853 ungula
1042 1771 1173 1849 mulas3'

228 1875 326 1956 parto
338 1871 402 1935 alia
413 1869 518 1954 longis
531 1871 749 1934 Numidarum
763 1871 850 1933 fulta
861 1869 1020 1934 oolumnis

235 1973 345 2051 surgat
358 1973 392 2034 et
404 1968 563 2052 algentem
577 1967 682 2050 rapiat
695 1967 822 2031 uenatio
834 1967 944 2030 solam.

236 2065 486 2149 quanticumque
499 2067 624 2142 domus,
640 2065 748 2129 veniet
761 2065 819 2146 qui
832 2063 954 2129 fereula
966 2064 1060 2128 doute

235 2167 407 2246 oonponat,
421 2163 529 2228 veniat
542 2163 599 2245 qui
612 2162 829 2245 pulmentaria
841 2162 961 2227 eondit.

235 2261 294 2325 hos
307 2259 393 2325 inter
405 2265 553 2342 sumptus
566 2260 710 2324 sestertia
724 2259 934 2336 Quintiliano,
1051 2297 1061 2305 ›-
1167 2298 1171 2305 ·

235 2362 275 2422 ut
288 2358 440 2434 multum,
456 2359 521 2422 duo
534 2357 707 2435 sufficiont3
729 2377 780 2420 res
792 2357 884 2421 nulla
896 2356 1031 2421 minoris

235 2456 395 2521 constabit
408 2455 493 2539 patri
508 2475 603 2540 quem
617 2455 713 2519 filius.
759 2455 867 2519 ‘unde
881 2455 980 2536 igitur
994 2457 1044 2518 tot

237 2552 457 2630 Quintilianus
470 2552 567 2616 habet
580 2553 724 2616 saltust'
767 2553 912 2635 exempla
925 2569 1081 2615 novorum

236 2652 378 2715 datorum
392 2650 508 2713 transi:
529 2650 609 2714 felix
622 2653 655 2713 et
667 2648 781 2732 puloer
793 2653 827 2712 et
838 2669 921 2725 aoer,

235 2747 316 2813 felix
328 2752 363 2812 et
375 2747 500 2830 sapiens
513 2751 547 2811 ot
560 2747 676 2811 nobilis
689 2750 723 2810 et
736 2763 918 2828 generosus,
1051 2767 1056 2776 ·

236 2845 414 2928 adpositam
428 2845 537 2927 nigras
550 2843 661 2907 lunam
675 2843 817 2907 subtaxit
830 2843 951 2921 alutao;

236 2944 315 3007 felir
329 2946 435 3006 orator
448 2929 574 3024 quoquo
587 2941 746 3004 maximus
759 2944 792 3004 at
806 2941 971 3017 ieouletor,

236 3044 270 3105 et
282 3040 310 3103 si
322 3039 483 3123 perfrixit,
498 3041 608 3102 santet
621 3039 712 3103 bene.
755 3039 855 3101 distet
866 3038 954 3102 euim
968 3057 1048 3120 quae

237 3134 1024 3219 sideratoexoipiuntmodoprimosineipieutom
1279 3138 1340 3200 195

236 3236 329 3300 edere
341 3235 468 3317 vagitus
481 3238 514 3298 et
527 3221 634 3297 adhue
647 3253 667 3296 a
680 3237 782 3309 matre
795 3234 975 3296 rubentum.

237 3331 265 3397 si
279 3332 424 3397 Fortuna
436 3331 533 3406 solet,
550 3331 606 3394 flos
618 3331 659 3394 do
673 3331 799 3394 rhetore
813 3329 939 3407 oonsul;
1037 3359 1040 3367 ·

237 3430 265 3495 si
278 3430 363 3495 volet
375 3428 453 3493 haee
466 3429 587 3504 eadem,
604 3429 659 3491 fiat
673 3429 712 3493 de
725 3428 855 3492 consule
869 3427 999 3491 rhetor:

238 3526 411 3592 Ventidius
424 3526 499 3609 quid
517 3527 628 3590 onim?
669 3526 748 3608 quid
763 3525 916 3588 Tullius?
954 3543 1039 3588 aune
1051 3523 1140 3589 aliud
1153 3543 1252 3607 quam

237 3625 326 3689 sidus
338 3628 372 3688 et
385 3623 503 3687 oooulti
516 3623 663 3686 miranda
675 3623 821 3704 potantia
833 3622 920 3687 fati?
1278 3623 1342 3686 200

237 3721 336 3785 servis
349 3738 448 3801 regua
460 3719 595 3794 dabunt,
612 3718 747 3800 captivis
760 3721 828 3781 fata
841 3718 1053 3800 triumphum.

238 3815 319 3878 teliu
333 3813 386 3876 illo
400 3819 507 3879 tamen
521 3833 615 3878 oorvo
629 3833 756 3895 quoque
769 3815 870 3876 rarior
882 3815 965 3877 albo.
