2909 4284
539 350 672 401 SATVRA
694 351 759 401 xlv

100 507 187 570 unde
200 504 261 570 tibi
274 505 416 570 frontem
428 502 671 584 libertatemque
680 498 833 584 parentis,

99 625 175 666 curn
189 603 287 666 faciae
299 602 407 687 peiora
419 621 515 666 senex
528 618 730 680 uacuumque
743 596 869 661 cerebro

99 701 163 764 iam
177 700 302 784 pridem
316 703 414 782 ceput
426 700 487 762 hoo
502 701 631 761 ventosa
644 694 812 758 cucurbita
824 692 980 775 quaerat?

139 799 265 881 hospite
279 801 414 861 venturo
427 796 560 860 cessabit
573 813 667 857 nemo
681 798 824 856 tuorum.

100 895 211 959 ‘verre
224 894 455 978 pavimentum,
472 892 591 954 nitidae
604 890 735 953 ostende
748 888 923 961 columnas,
1156 887 1197 948 60

98 993 188 1056 arida
201 1011 277 1055 curu
290 995 359 1054 tota
371 989 543 1053 descendat
555 1006 668 1056 aranea
682 986 761 1064 tela3

97 1085 153 1145 hic
167 1084 238 1145 lere
252 1085 436 1163 argentum,
451 1097 532 1170 rasa
540 1098 653 1161 aspera
666 1081 794 1162 tergeat
806 1079 911 1144 alter’

97 1198 159 1240 uox
173 1177 298 1240 domini
311 1177 394 1240 furit
408 1174 558 1239 instantis
571 1172 759 1255 virgamque
772 1171 923 1236 tenentis.

96 1295 174 1353 ergo
187 1274 285 1338 miser
298 1273 449 1356 trepidas,
464 1293 506 1336 ne
520 1275 657 1334 stercore
670 1270 765 1333 ioeda
777 1268 892 1332 canino

97 1372 182 1436 atria
195 1371 384 1454 displiceant
397 1371 497 1434 oculis
510 1369 669 1433 uenientis
681 1366 787 1443 amici,

97 1489 140 1532 ne
152 1470 284 1551 pertusa
296 1469 367 1532 luto
380 1468 423 1531 sit
435 1468 588 1550 porticus,
604 1469 637 1530 et
650 1469 759 1529 tamen
773 1484 840 1526 uno

98 1566 241 1629 semodio
254 1565 354 1630 scobis
367 1565 445 1629 haec
458 1566 608 1628 emendat
622 1563 768 1628 servulus
781 1581 881 1624 unus:

97 1664 183 1726 illud
196 1684 262 1726 non
276 1663 388 1743 agitas,
405 1664 443 1725 ut
457 1665 599 1726 sancum
613 1660 699 1724 filius
713 1659 802 1723 omni

96 1760 232 1843 aspiciat
245 1760 313 1824 siue
327 1761 396 1823 labe
410 1761 543 1822 domum
556 1758 699 1840 vitioque
714 1759 900 1820 carentem?

97 1861 229 1939 gratum
243 1858 388 1938 estquod
403 1857 524 1940 patriae
538 1856 639 1920 civem
653 1856 837 1938 populoque
850 1853 977 1928 dedisti,
1157 1855 1197 1919 70

99 1954 126 2017 si
140 1954 221 2018 lacis
235 1958 274 2017 ut
286 1953 390 2037 patria
403 1954 446 2017 sit
460 1954 603 2028 idoneus,
620 1953 711 2016 utilis
724 1952 819 2032 agris,

98 2052 191 2115 utilis
204 2055 237 2114 et
249 2052 405 2115 bellorum
419 2055 452 2115 et
464 2051 551 2133 pecie
564 2051 659 2114 rebus
671 2049 813 2132 agendis.

96 2149 277 2232 plurimum
290 2149 376 2212 enim
391 2148 536 2214 intererit
550 2149 667 2231 quibus
680 2149 803 2212 artibus
816 2151 849 2211 et
864 2147 979 2228 quibus
991 2144 1079 2208 buno
1091 2148 1129 2208 tn

98 2247 242 2311 moribus
255 2245 414 2310 instituas.
458 2249 602 2329 serpente
615 2246 738 2310 ciconia
751 2245 857 2328 pullos

96 2344 205 2408 nutrit
218 2347 252 2408 et
265 2344 395 2408 inventa
408 2364 466 2426 per
479 2343 570 2407 deria
583 2362 658 2406 rura
671 2342 804 2406 lecerta:
1158 2343 1197 2408 lt

96 2442 146 2506 illi
160 2443 272 2508 eadem
286 2441 422 2524 sumptis
436 2445 594 2524 quaerunt
607 2440 759 2504 animalia
772 2439 891 2522 pinnis.

97 2540 210 2604 vultur
224 2540 368 2603 iumento
382 2543 415 2602 et
428 2539 560 2602 cunibus
573 2538 784 2619 crucibusque
797 2537 917 2600 relictis

97 2639 138 2702 ad
152 2638 240 2701 fetus
253 2639 402 2720 properat
415 2641 603 2718 partemque
616 2635 777 2700 cadaveris
791 2635 911 2698 adfert:

96 2735 151 2798 hio
164 2739 213 2798 est
226 2755 301 2815 ergo
315 2734 405 2798 cibus
418 2733 527 2815 magni
541 2753 667 2815 quoque
680 2733 820 2797 vulturis
832 2736 866 2796 et
878 2752 911 2795 ee

96 2830 267 2915 pascentis,
283 2831 412 2914 propriu
425 2851 501 2894 cum
514 2831 579 2894 iam
592 2831 672 2894 iacit
685 2831 796 2894 arbore
810 2830 911 2894 nidos.
1157 2834 1198 2893 80

97 2931 152 2992 sed
166 2929 307 3012 leporem
320 2932 378 2992 aut
391 2948 536 3011 capream
550 2928 690 2991 famulae
704 2928 790 2991 Iovis
803 2931 836 2990 et
849 2947 1015 3009 generosae

97 3027 132 3089 in
146 3027 232 3089 saltu
245 3028 405 3088 venantur
418 3045 500 3100 aves,
517 3025 593 3089 hinc
606 3026 723 3107 praeda
737 3025 835 3089 cubili

96 3124 247 3206 ponitur:
267 3123 343 3186 inde
355 3127 465 3186 autem
478 3143 553 3184 cum
568 3143 600 3185 ee
614 3127 743 3186 mature
755 3123 869 3186 levarit

96 3220 275 3303 progenies,
292 3219 479 3283 stimulante
492 3220 578 3283 lame
591 3220 778 3283 festinaturi
794 3220 882 3282 illum

97 3338 194 3400 quam
208 3318 351 3401 primum
364 3318 515 3400 praedam
528 3322 625 3400 rupto
638 3321 823 3399 gustaverat
836 3338 905 3381 ovo.
1158 3322 1198 3381 86

136 3415 320 3478 aedificator
333 3418 402 3478 erat
417 3415 587 3479 Cretonius
600 3418 634 3477 et
647 3416 742 3478 modo
756 3434 855 3478 curvo

96 3513 190 3576 litore
205 3512 343 3588 Ouietae,
359 3533 485 3576 summu
497 3533 586 3575 nuno
600 3512 731 3575 Tiburis
743 3532 826 3589 arce,

97 3628 185 3674 nunc
199 3610 414 3674 Praenestinis
426 3611 462 3674 in
476 3610 640 3674 montibus
654 3610 719 3673 alta
731 3609 864 3692 parabat

98 3707 240 3772 culmina
253 3707 403 3772 villarum
418 3708 545 3771 Graecis
558 3708 715 3789 longeque
729 3707 840 3790 petitis

98 3804 309 3870 marmoribus
324 3803 454 3868 vincens
468 3805 630 3868 Fortunae
643 3807 740 3886 etque
754 3805 904 3868 Herculis
917 3805 1037 3881 eedenu
1157 3808 1198 3870 90
