2909 4284
216 327 257 376 22
583 325 616 373 D.
641 321 739 374 mm
759 325 951 374 Irmene
1051 395 1055 401 .

214 494 282 540 non
296 472 479 540 dubitaturi
492 475 673 560 fugitivum
686 475 794 541 dioere
807 473 930 559 piaoem

215 572 450 655 depastumque
464 573 522 636 diu
536 572 659 639 vivaria
674 572 829 648 Oeeaaria,
845 573 922 637 inde

215 668 360 751 elapsum
373 673 516 734 veterem
529 670 572 734 ad
585 669 756 733 dominum
769 670 886 734 debere
898 668 1029 734 reverti.

214 777 242 838 ei
257 775 343 862 quid·
351 775 508 851 Palfurio,
524 774 552 840 ai
567 775 730 838 credimur
744 775 928 851 Armillato,

215 871 376 954 quidquid
388 872 602 955 oouapiouum
616 872 857 955 pulchrumque
870 875 920 935 eat
933 890 1073 954 aequore
1085 875 1169 948 toto,

214 987 266 1034 rea
279 968 349 1033 fleoi
362 973 422 1046 eat,
439 970 636 1054 ubicumque
649 974 754 1034 natat.
799 968 975 1034 donabitur
988 986 1076 1050 ergo,

214 1084 257 1130 ne
270 1071 389 1149 pereat.
430 1066 496 1132 iam
508 1067 639 1131 letifero
654 1067 792 1132 oedeute
804 1065 932 1150 pruinis

214 1166 384 1238 autumno,
400 1162 466 1227 iam
480 1171 673 1246 quartanam
687 1163 894 1246 sperantibus
908 1162 1013 1245 aegria

215 1259 374 1324 stridebat
387 1260 542 1324 deformia
556 1260 660 1324 hieme
674 1261 893 1344 praedamque
907 1263 1072 1324 recautum
1130 1273 1134 1283 ’

215 1357 373 1422 servabat.
417 1361 527 1420 tamen
541 1357 596 1421 hio
609 1361 774 1441 properat,
790 1357 883 1422 reiut
896 1362 1036 1440 urgueat
1046 1360 1165 1421 auater.

215 1457 317 1536 utque
330 1454 420 1518 laone
434 1456 600 1530 suberant,
617 1455 674 1519 ubi
689 1475 887 1539 quamquam
901 1455 1012 1518 diruta
1026 1457 1133 1518 eerrat

214 1549 325 1633 ignem
338 1551 516 1616 Troianum
530 1557 565 1616 et
577 1553 713 1617 Vestam
727 1553 808 1616 oolit
820 1553 906 1617 Alba
919 1550 1090 1627 minorem,

214 1647 344 1712 obstitit
357 1647 496 1712 intranti
509 1648 659 1713 miratrix
672 1650 771 1714 turba
784 1669 968 1733 parumper.

214 1755 254 1807 ut
268 1745 374 1822 oeeeit,
389 1743 479 1808 taoili
493 1750 675 1828 patuerunt
688 1747 820 1810 cardine
833 1747 970 1824 valvae3

214 1841 336 1906 exoluei
350 1846 501 1925 epeotaut
514 1843 654 1906 admissa
668 1843 804 1908 obsonia
816 1847 936 1926 patrea.

214 1939 283 2002 itur
295 1939 338 2002 ad
351 1939 500 2008 Atriden.
542 1943 615 2003 tum
629 1941 745 2004 Pioene
761 1940 916 2023 ‘aooipe'
929 1940 1014 2003 dixit

215 2037 370 2119 ‘privatis
383 2037 506 2101 maiora
518 2037 611 2102 iooie.
656 2037 793 2120 genialia
806 2041 924 2119 agatur

214 2132 276 2196 isto
291 2133 369 2210 diea,
386 2153 524 2217 propera
536 2135 743 2199 atomaohum
756 2135 865 2198 laxare
879 2135 992 2217 eagina

214 2234 249 2294 et
262 2233 322 2294 tua
334 2234 499 2295 servatum
512 2249 665 2296 ooneume
679 2230 716 2294 iu
728 2231 856 2296 aaeoula
868 2231 1050 2297 rhombum.

220 2324 290 2410 ipae
304 2325 376 2409 oapi
390 2324 520 2390 voluit?
559 2325 640 2409 quid
653 2325 826 2408 apertiuai
866 2329 1024 2390 ettamen
1036 2322 1086 2388 illi

220 2422 397 2504 turgebant
411 2420 547 2501 orietm
567 2422 651 2484 nihil
666 2425 716 2484 eat
729 2421 819 2504 quod
832 2421 962 2485 eredere
975 2422 1063 2484 deae
1282 2425 1323 2489 70

220 2537 287 2582 non
300 2518 404 2600 poerit
417 2538 493 2582 oum
505 2518 661 2582 laudatur
674 2517 725 2581 dia
739 2537 842 2601 aequa
855 2522 1008 2600 poteataa.

220 2616 278 2680 aed
291 2614 387 2680 derat⁴
397 2615 478 2699 pieoi
491 2615 622 2698 patinae
635 2635 797 2680 menoare.
841 2621 999 2680 vocantur

221 2733 298 2796 ergo
311 2713 347 2776 iu
360 2712 533 2777 eonsilium
546 2732 703 2796 properea,
719 2733 802 2797 quoa
815 2713 930 2778 oderat
942 2713 1009 2790 ille,
1144 2772 1152 2786 ,

220 2810 257 2874 in
270 2830 409 2894 quorum
422 2810 506 2875 iaoie
520 2810 655 2875 miserae
668 2831 867 2894 magnaeque
881 2811 1011 2875 aedebat

221 2907 325 2991 pallor
338 2907 510 2972 amioitiae.
554 2909 679 2991 primus
693 2909 855 2972 clamante
869 2907 1015 2972 Liburno

223 3005 375 3082 ‘currite
392 3005 458 3069 iam
471 3005 576 3070 aedit'
589 3011 683 3089 rapta
697 3006 893 3089 properabat
906 3007 1012 3071 abolla

221 3100 374 3184 Pegasus,
390 3101 551 3166 attonitae
564 3103 691 3184 poeitua
704 3104 802 3167 modo
816 3103 933 3168 vilioua
946 3102 1029 3169 urbi.

221 3219 305 3263 auno
319 3198 410 3262 aliud
423 3202 496 3262 tum
508 3199 695 3282 praetenti?
735 3221 875 3284 quorum
890 3201 1034 3284 optimae
1046 3205 1146 3285 atque

221 3295 381 3379 interpres
394 3296 507 3378 legum
521 3296 745 3362 eauotieaimue
759 3298 868 3361 omnia
883 3318 1080 3382 quamquam

220 3394 423 3477 temporibus
437 3393 517 3458 dirie
529 3395 702 3458 traotauda
714 3396 855 3478 putabat
868 3394 985 3459 inermi

221 3490 358 3578 iustitia.
402 3491 494 3556 venit
508 3496 543 3556 et
557 3490 663 3576 (iriepi
677 3492 824 3557 ineunda
836 3497 998 3570 eeueotue,

222 3588 315 3652 ouiue
332 3594 428 3653 erant
440 3609 546 3654 morea
560 3591 665 3673 qualia
679 3591 846 3666 facundia,
863 3589 944 3655 mite

221 3684 400 3767 ingenium.
445 3686 546 3750 maria
558 3703 597 3751 ao
611 3691 714 3752 terrae
728 3689 930 3771 populosque
944 3687 1071 3771 regenti

223 3781 295 3864 quie
309 3802 416 3866 oomee
430 3783 554 3861 utilior,
570 3782 598 3848 ei
612 3785 704 3850 clade
719 3790 754 3850 et
767 3787 934 3870 peete'eub
947 3785 1005 3850 illa
