2909 4284
221 329 263 400 54
587 333 624 384 n.
648 333 746 385 rrrn
766 332 958 385 urvussms

261 488 365 552 vester
377 503 473 572 porro
484 483 575 550 labor
586 484 767 562 fecundior,
782 483 989 550 historiarum

222 582 414 666 scriptores?
453 581 538 667 perit
551 581 605 646 hic
618 581 692 665 plus
705 581 859 666 temporis
872 586 968 665 atque
982 581 1043 647 ulei
1055 581 1139 666 plus.

221 680 313 744 nullo
326 679 444 764 quippe
457 680 552 742 modo
564 679 759 746 millensima
771 678 889 762 pagina
901 678 1006 761 surgit

222 776 370 841 omnibns
383 780 418 840 et
430 777 543 840 crescit
555 777 659 840 multa
671 777 825 842 darnuoea
836 795 972 860 papyrct

220 874 267 940 sic
280 873 394 958 ingens
407 894 514 938 rernm
529 893 682 939 numerus
695 873 787 938 iubet
798 878 896 957 atque
909 894 1042 957 opernm
1054 875 1118 940 lex.

221 993 301 1056 quae
315 976 423 1038 temen
437 972 513 1038 inde
526 974 638 1055 seges?
679 975 782 1038 terrae
796 973 868 1056 quis
881 975 1009 1038 tructus
1021 975 1174 1055 apertae?

221 1069 294 1154 quis
307 1071 397 1136 dabit
409 1069 561 1140 historico
575 1074 734 1153 quantum
747 1071 840 1136 daret
851 1076 923 1136 acta
935 1069 1081 1153 legenti?

198 1188 200 1194 ·
263 1169 337 1232 ‘sed
349 1187 452 1251 genus
465 1167 629 1250 ignarum,
645 1168 732 1250 quod
745 1167 830 1232 lecto
842 1168 961 1251 gaudet
972 1170 1008 1232 et
1020 1165 1158 1232 umbra’

220 1264 273 1328 dic
286 1265 388 1348 igitur
401 1266 480 1350 quid
493 1265 661 1330 causidicis
673 1265 781 1330 civilia
792 1267 956 1350 praestent

220 1361 323 1425 officia
335 1364 369 1426 et
381 1382 499 1444 magno
512 1361 645 1428 comites
658 1363 693 1426 in
706 1363 793 1426 fasce
806 1361 918 1426 libelli.

220 1457 282 1542 ipsi
296 1479 412 1542 magne
424 1465 550 1536 sonant,
566 1461 621 1524 sed
635 1465 706 1524 tum
720 1481 795 1524 cnm
808 1461 948 1525 creditor
960 1460 1053 1525 audit

220 1557 399 1641 praecipue,
414 1557 465 1622 vel
479 1557 506 1622 ei
520 1558 630 1640 tetigit
641 1559 727 1622 latus
740 1556 843 1622 acrior
855 1558 912 1624 illo

221 1654 278 1737 qui
291 1655 380 1719 seuit
392 1656 433 1719 ad
446 1655 583 1720 dubium
596 1655 712 1738 grandi
725 1676 800 1720 cum
814 1657 923 1721 codice
937 1677 1064 1722 nomeu.

219 1757 300 1816 tunc
313 1752 457 1817 inmense
469 1753 538 1817 cavi
552 1753 676 1837 spirant
689 1753 855 1819 mendacia
867 1755 961 1819 tolles

219 1849 471 1933 conspuiturque
483 1851 587 1915 sinus:
608 1871 716 1916 seram
730 1852 926 1934 deprendere
938 1871 1071 1916 mamam

220 1945 350 2024 silibet,
365 1946 443 2011 binc
456 1951 586 2012 centurn
600 1949 795 2032 patrimonia
807 1948 1051 2026 caumdicurum,

219 2046 310 2128 parte
324 2043 387 2108 ulia
400 2044 501 2108 solum
516 2045 631 2110 russati
645 2065 728 2130 pone
743 2046 903 2110 Incertae.

219 2142 387 2206 consedere
401 2142 508 2220 duces,
524 2143 627 2225 surgis
640 2147 678 2208 tu
691 2143 833 2227 pallidus
845 2143 929 2207 Aiax

219 2238 366 2302 dicturus
378 2238 477 2304 dubia
489 2260 548 2323 pro
560 2239 707 2304 libertate
720 2239 861 2306 bubulco

219 2333 333 2399 iudice.
378 2355 492 2420 rumpe
505 2336 601 2400 miser
613 2340 742 2400 tensum
756 2335 855 2413 iecur,
870 2340 910 2400 ut
923 2337 983 2402 tibi
997 2337 1078 2402 lmso

219 2433 361 2514 figantur
373 2432 501 2508 virides,
517 2433 672 2496 scalarum
686 2433 798 2514 gloria,
814 2433 952 2516 palmae.

219 2529 306 2613 quod
319 2528 405 2593 uocis
418 2529 584 2612 pretium?
624 2529 726 2594 siccus
739 2530 968 2612 petasunculus
980 2534 1014 2595 et
1026 2551 1081 2596 ras

218 2625 423 2711 pelamydum
436 2630 494 2690 aut
507 2629 637 2703 ueteres,
655 2627 842 2690 Maurorum
860 2627 1031 2710 epimenia,
1045 2627 1136 2692 bulbi

218 2723 401 2788 sutrinum
415 2723 523 2788 Tiberi
537 2724 717 2800 derectum,
735 2722 878 2806 quinque
891 2724 1034 2807 lagonae.

218 2819 245 2884 ei
260 2823 372 2903 quater
385 2820 490 2903 egisti,
505 2820 532 2884 ei
547 2820 684 2904 contigit
696 2840 812 2885 aureus
826 2841 921 2898 unus,

217 2917 294 2982 inde
307 2918 429 2982 cadunt
441 2922 547 3000 partes
560 2919 740 2982 exscudere
754 2918 1036 3001 pragmaticorum.

218 3013 356 3079 Aemilio
370 3013 500 3079 dabitur
513 3018 670 3097 quantum
683 3015 771 3091 licet,
787 3020 821 3080 et
833 3015 948 3079 melius
960 3035 1020 3079 nos

217 3111 351 3194 egimus.
394 3112 493 3176 huius
505 3111 592 3176 enim
606 3117 670 3177 stat
682 3133 796 3178 currus
809 3133 935 3189 senem,
949 3112 1008 3177 alti

218 3209 422 3294 quadriiuges
434 3209 470 3272 in
484 3209 658 3286 vestibulis,
674 3213 772 3293 atque
786 3210 853 3292 ipse
865 3209 965 3274 feroci

217 3306 368 3371 bellatore
382 3307 493 3371 sedens
506 3311 674 3372 curvatum
687 3307 801 3372 hostile
815 3307 960 3371 minetur

217 3403 343 3468 eminus
356 3407 390 3466 et
403 3407 509 3468 statua
522 3404 697 3468 meditatur
710 3404 832 3488 proelia
844 3406 941 3470 lusca.

216 3502 262 3566 sic
276 3502 362 3566 Pedo
375 3501 556 3579 conturbat,
574 3502 685 3567 Matho
699 3503 818 3578 deficit,
833 3503 940 3568 exitus
953 3502 1008 3568 hic
1020 3505 1069 3568 est

217 3599 371 3681 Tongilii,
387 3619 590 3680 magnocnm
605 3599 805 3664 rhinocerote
819 3600 918 3665 lavari
1259 3604 1318 3668 130

218 3696 273 3778 qui
288 3695 367 3759 eolet
380 3699 414 3759 et
426 3699 520 3759 uexat
533 3695 694 3759 lutulente
706 3696 821 3760 balnea
834 3697 928 3760 turbu

216 3809 337 3876 perque
349 3791 457 3857 iorum
470 3790 600 3856 iuvenes
613 3791 709 3873 longo
721 3791 841 3874 premit
853 3812 955 3858 assere
969 3793 1099 3860 Maedos
