2909 4284
580 297 713 346 SATVBA
735 298 806 347 1111

145 449 344 534 Archigen03
367 447 445 533 quid
459 448 546 515 enirn
559 447 675 514 velocis
687 449 791 532 gloria
803 450 933 533 plantes

143 551 288 630 praestet
300 552 334 611 et
346 547 486 611 esuriens
500 547 626 611 Pisaeae
640 567 748 610 remus
760 548 886 612 olivae?
1062 614 1065 623 Ι

144 651 186 708 nt
199 645 242 708 sit
254 664 370 727 magne
383 647 501 720 temen,
518 648 603 708 certe
617 645 704 709 lente
718 645 766 708 ire
778 646 911 710 deorum
924 651 988 728 est3

145 741 173 807 si
188 746 303 804 curent
316 742 416 823 igitur
429 746 561 806 cunctos
574 743 690 826 punire
705 748 865 820 nocentes,

145 841 277 923 quando
290 841 331 903 ud
345 860 396 902 me
409 839 563 903 venient?
604 843 659 906 sed
673 845 706 906 et
720 842 878 908 exorabile
891 862 1014 908 numen

143 941 280 1002 fortusse
294 939 449 1022 experiar,
465 939 544 1004 solet
557 939 608 1004 his
621 940 794 1022 ignoscere.
837 939 934 1004 multi

145 1036 357 1100 committunt
371 1038 480 1101 eudem
493 1037 618 1102 diverso
631 1037 767 1102 crimine
779 1039 862 1102 into:

138 1135 202 1198 'ille
216 1154 342 1198 crucem
356 1135 482 1199 sceleris
495 1136 635 1218 pretium
650 1136 739 1212 tulit,
755 1136 809 1200 hic
821 1135 993 1200 disdema’

145 1233 193 1296 sic
206 1233 350 1296 animum
364 1233 451 1297 dirae
464 1233 626 1317 trepidum
640 1235 815 1298 formidine
828 1234 942 1317 culpes

144 1332 326 1405 confirmet,
342 1334 421 1394 tunc
434 1335 467 1395 te
481 1351 568 1396 secra
580 1332 621 1395 ed
635 1332 770 1396 delubra
782 1336 949 1396 vocantem

142 1428 320 1512 praecedit,
336 1428 461 1492 trahere
474 1428 573 1492 immo
586 1429 672 1492 ultro
685 1449 723 1494 ec
736 1449 850 1493 vexare
862 1433 1002 1513 paretes.

143 1545 223 1589 num
237 1546 311 1589 cum
325 1545 442 1608 megna
455 1527 556 1590 melae
568 1530 711 1610 superest
723 1527 856 1591 eudecia
868 1546 991 1603 causas,

143 1623 289 1687 creditur
302 1644 322 1686 e
335 1623 445 1688 multis
459 1624 583 1689 fiducia.
628 1624 765 1687 mimum
778 1625 846 1707 ugit
859 1624 925 1701 ille,

145 1720 262 1784 urbani
277 1721 404 1803 qualern
418 1721 576 1803 fugitivus
589 1741 698 1786 scurra
712 1721 849 1786 Oetulliz

143 1823 185 1882 tu
199 1817 295 1882 miser
308 1819 475 1893 exclames,
490 1823 528 1882 ut
543 1818 692 1882 Stentora
704 1819 832 1883 vincere
845 1818 955 1902 possis,

145 1916 197 1980 vel
211 1914 320 1998 potius
334 1919 492 1997 quantum
506 1915 664 1979 Gradivus
678 1915 883 1994 Homericus:
900 1916 1021 1993 ‘andis

143 2011 306 2095 Iuppiter,
322 2012 410 2088 haec,
426 2032 486 2076 nec
499 2013 588 2076 labra
600 2033 717 2089 moves,
733 2033 809 2077 cnm
823 2013 950 2078 mittere
963 2033 1072 2078 rocem

144 2109 294 2174 debueris
307 2110 357 2172 vel
371 2129 565 2196 marmoreus
577 2110 627 2174 rel
641 2113 782 2174 senens?
821 2113 879 2174 sut
891 2131 950 2174 cur

144 2207 183 2269 in
197 2207 331 2270 carbone
345 2210 403 2269 tuo
415 2207 527 2270 charta
539 2208 594 2288 pie
607 2211 681 2270 tura
694 2208 799 2272 soluts

143 2304 297 2387 ponimus
310 2307 343 2368 et
357 2310 478 2367 sectum
492 2304 586 2366 vituli
600 2304 690 2368 iecur
702 2306 837 2388 albaque
849 2305 938 2388 porci

146 2403 301 2465 omenta?
341 2405 380 2464 nt
393 2401 496 2476 video,
512 2401 639 2464 nullum
653 2402 827 2466 discrimen
840 2403 1024 2466 habendum
1037 2418 1087 2466 est

147 2499 266 2581 effigies
279 2498 365 2562 inter
377 2504 496 2562 restrae
509 2502 710 2582 statuumque
724 2500 876 2581 Vagelii.'

188 2596 295 2679 accipe
310 2616 390 2678 quae
404 2600 515 2667 contre
527 2595 630 2660 velent
643 2596 759 2660 solacia
771 2598 855 2661 terre

147 2698 181 2758 et
195 2693 251 2776 qui
265 2712 326 2756 nec
339 2692 465 2775 cynicos
478 2712 538 2756 nee
551 2693 649 2756 stoica
662 2693 813 2775 dogmata
825 2694 906 2776 legit

147 2813 167 2854 e
179 2789 299 2872 cynicis
312 2791 423 2856 tunica
437 2789 600 2866 distentia,
616 2810 683 2854 non
697 2791 877 2873 Epicurum

147 2887 281 2970 suspicit
294 2887 402 2967 exigui
415 2887 535 2950 laetum
549 2887 751 2970 plantaribus
763 2888 859 2952 horti.

147 2993 304 3048 curentur
317 2984 409 3046 dubii
422 2984 554 3048 medicis
567 2984 741 3048 maioribus
753 2985 855 3068 aegri:
871 3002 875 3008 ’

147 3087 185 3145 tu
199 3103 314 3146 venem
328 3082 377 3144 vel
392 3081 549 3164 discipulo
562 3082 727 3146 committe
743 3083 897 3167 Philippi.

148 3180 174 3244 si
188 3180 317 3242 nullum
331 3177 367 3242 in
380 3179 474 3244 terris
486 3183 554 3243 tem
567 3180 754 3244 detestabile
766 3181 891 3245 iactum

148 3277 299 3352 ostendis,
315 3280 415 3352 teceo,
431 3297 492 3340 nee
504 3277 624 3360 pugnis
637 3278 767 3342 caedere
780 3284 892 3362 peetus

148 3379 181 3440 te
194 3378 268 3439 reto
281 3395 340 3439 nec
353 3375 449 3458 plana
462 3375 578 3439 faciem
591 3377 790 3441 contundere
803 3377 920 3458 palma,

148 3472 409 3554 quandoquidem
422 3477 551 3557 eccepto
565 3474 744 3538 claudenda
757 3479 806 3538 est
819 3474 916 3539 ianua
929 3476 1057 3553 damno,

147 3573 181 3635 et
193 3570 313 3633 maiore
325 3570 440 3633 domus
453 3571 587 3652 gemitu,
603 3570 721 3636 maiore
736 3573 881 3635 tumultu

148 3667 350 3748 planguntur
362 3667 489 3730 nummi
502 3685 599 3748 quem
613 3668 743 3745 iunere;
765 3688 859 3733 nemo
873 3669 1015 3734 delorem

148 3762 244 3846 fingit
256 3762 292 3826 in
305 3760 367 3826 hoc
380 3782 467 3840 cusu,
482 3767 601 3828 restem
615 3761 767 3827 diducere
778 3784 938 3833 summam
