2909 4284
232 337 273 403 52
600 337 633 386 n.
656 333 967 384 1vu111vvnuun1s

233 487 364 554 uomina
376 487 549 564 delectant,
564 506 693 554 omnem
706 485 860 551 Titanida
872 506 1014 570 pugnam

233 587 318 651 inter
330 585 464 650 maiores
477 583 646 669 ipsumque
661 584 851 648 Promethea
864 603 974 668 ponas,

233 685 273 748 de
286 702 486 767 quorumque
500 682 586 748 voles
599 701 755 765 proavum
768 681 830 746 tibi
842 683 962 745 sumito
975 682 1067 747 libro.

233 782 318 865 quod
332 782 358 846 si
372 779 577 866 praeeipitem
591 780 676 863 rapit
689 779 822 844 ambitio
834 784 931 861 atque
943 779 1054 855 libido,

232 881 259 945 si
273 881 396 963 frangis
409 879 514 962 virgas
526 878 682 944 sociorum
696 878 734 942 in
746 876 913 960 sauguine,
928 876 955 940 si
968 879 1002 940 to

232 977 393 1041 delectant
405 975 534 1040 hebetes
545 975 627 1040 lasso
639 975 753 1039 liotore
765 993 900 1050 secures,

232 1074 347 1156 incipit
360 1073 502 1154 ipsorum
515 1075 628 1137 eontra
640 1075 674 1136 te
688 1075 772 1135 stare
785 1075 956 1155 parentum

233 1171 382 1235 nobilitas
395 1170 575 1254 claramque
585 1170 689 1233 iaosm
702 1169 865 1252 praeferre
877 1168 1046 1252 pudendis.

233 1287 328 1332 omne
340 1267 440 1333 animi
454 1265 570 1332 vitium
584 1269 676 1330 tauto
689 1265 890 1346 oouspeotius
903 1264 938 1328 iu
951 1285 985 1328 so

232 1366 353 1429 crimen
366 1364 474 1440 habet,
491 1365 611 1447 quanto
624 1363 726 1427 maior
739 1362 797 1446 qui
809 1366 921 1446 peoeat
933 1361 1075 1427 habetur.

233 1481 296 1545 quo
309 1461 391 1525 mihi
405 1465 438 1525 te
451 1460 581 1524 solitum
595 1460 691 1524 falsas
704 1461 831 1542 signare
843 1459 977 1523 tabellae

232 1560 267 1623 in
281 1559 410 1642 templis
423 1578 504 1642 quae
516 1558 596 1622 ieoit
607 1577 696 1634 avus,
712 1561 915 1641 statuamque
929 1555 1070 1640 parentis

231 1661 306 1721 unte
320 1656 573 1739 triumphalem?
613 1674 688 1739 quo,
704 1655 732 1718 si
746 1658 924 1718 nocturnus
936 1654 1063 1719 adulter

235 1759 377 1838 tempora
390 1753 562 1820 Santonico
576 1753 660 1818 velas
672 1753 826 1835 adoperta
838 1753 989 1816 euoullo?

272 1857 398 1934 praeter
410 1851 567 1916 maiorum
580 1850 702 1916 eineres
714 1855 812 1934 atque
825 1871 895 1914 ossa
907 1849 1028 1915 volueri

231 1952 384 2033 carpento
396 1948 521 2031 rapitur
533 1947 664 2031 pinguis
678 1948 866 2024 Iateranus,
883 1952 916 2013 st
930 1947 1007 2031 ipoe,

231 2047 299 2129 ipso
312 2051 415 2111 rotam
428 2044 602 2128 adstringit
616 2046 795 2110 sufflamine
808 2046 910 2110 mulio
923 2046 1045 2121 oonsul,

231 2149 325 2208 noete
339 2144 478 2226 quidem,
494 2142 551 2207 sed
565 2141 659 2208 Luna
673 2143 771 2219 videt,
784 2143 839 2206 sed
854 2143 958 2207 sidera
970 2146 1065 2207 testes

231 2241 408 2305 intendunt
420 2240 539 2304 oeulos.
582 2240 712 2303 linitum
726 2238 997 2323 tempushonoris

231 2355 306 2400 eum
319 2337 431 2412 tuerit,
446 2337 531 2401 olera
545 2338 721 2401 Iateranus
740 2336 813 2402 luoe
826 2336 989 2418 flagellum

231 2438 337 2498 sumet
349 2437 384 2498 ot
396 2453 562 2498 ooeursum
576 2453 754 2516 numquam
768 2433 944 2515 trepidabit
956 2434 1051 2498 amioi

232 2532 295 2594 iam
308 2531 392 2595 senis
404 2551 441 2594 ao
455 2531 545 2614 virga
557 2531 646 2615 prior
658 2535 780 2594 annuet
793 2534 890 2613 atque
904 2529 1062 2612 maniplos

195 2627 204 2648 '
231 2630 331 2692 solvet
343 2631 377 2692 ot
389 2629 542 2693 infundet
555 2629 709 2692 iumentis
722 2628 842 2691 hordea
855 2627 954 2693 lassis.

231 2727 364 2800 interea,
380 2727 460 2788 dum
473 2725 596 2790 lanatas
609 2726 787 2807 robumque
802 2725 973 2789 iuvencum

215 2905 217 2911 Α
232 2843 318 2887 more
332 2823 458 2886 Numae
472 2823 586 2898 oaedit,
603 2823 687 2886 Iovis
700 2826 776 2886 ante
789 2823 902 2887 altaria
918 2819 1004 2887 iurat

232 2921 330 2983 solam
345 2920 492 3002 Eponam
506 2923 540 2983 et
553 2920 650 2984 iaoies
663 2920 750 2983 elide
763 2921 803 2983 ad
818 2920 982 3002 praesepia
994 2920 1107 3002 pietas.

232 3018 285 3080 ssd
300 3038 375 3081 oum
390 3016 558 3100 pervigiles
570 3017 675 3100 plaoet
689 3017 868 3082 instaurare
881 3017 1026 3100 popinas,
1116 3068 1118 3073 .

232 3113 343 3178 obvius
356 3114 489 3179 adsiduo
504 3114 723 3197 Syrophoenix
737 3120 856 3178 unctus
869 3133 993 3179 amomo

232 3211 344 3287 ourrit,
361 3211 527 3293 Idymaeas
541 3211 761 3295 Syrophoenix
775 3212 881 3276 ineola
893 3216 1003 3294 portae

233 3309 367 3390 hospitis
379 3308 509 3372 adiectu
523 3308 690 3372 dominum
704 3329 878 3391 regemque
892 3310 1021 3386 salutat,

232 3410 265 3469 ot
278 3426 353 3469 oum
366 3405 470 3469 venali
485 3405 591 3487 Cyane
605 3406 768 3470 suooineta
781 3407 907 3489 lagona.

232 3503 381 3568 defensor
392 3504 505 3586 eulpae
518 3502 604 3567 diost
617 3503 699 3567 mihi
715 3503 871 3568 ‘ierimus
884 3509 919 3568 et
932 3525 989 3569 nos

232 3601 311 3664 haee
324 3600 479 3664 iuvenes'
522 3604 599 3675 esto,
616 3600 726 3664 desisti
740 3620 857 3683 nempe
872 3621 931 3666 neo
943 3603 1029 3666 ultra

231 3696 341 3762 fovisti
355 3716 502 3761 errorem.
546 3697 639 3761 breve
653 3697 695 3759 sit
709 3699 795 3778 quod
809 3699 950 3780 turpiter
961 3699 1074 3778 audes3

233 3793 388 3873 quaedam
402 3811 476 3854 oum
491 3790 595 3872 prima
608 3799 790 3856 resecentur
803 3793 940 3869 erimina
952 3796 1057 3860 barba.
