2909 4284
565 340 696 413 surana
719 340 776 390 vn

114 498 287 581 empturus
300 513 414 580 pueros
427 495 596 578 argentum
608 492 756 558 murrina
767 493 874 573 villam

115 594 256 677 spondet
268 593 355 657 enim
369 591 466 674 Tyrio
479 590 637 656 stlattaria
650 610 795 674 purpura
808 591 874 656 dic.

115 697 151 756 et
165 697 273 755 tamen
288 693 336 754 est
349 690 413 752 illis
425 690 486 753 hcc
500 689 591 754 utile.
634 709 780 773 purpura
792 689 904 754 rendit

115 789 327 864 causidicum,
342 788 491 876 rendunt
502 788 732 872 amethystina3
752 787 902 852 convenit
915 785 964 850 illi

116 895 151 950 ct
164 886 300 969 strepitu
316 889 351 948 et
363 884 445 948 facie
458 885 586 950 maioris
599 885 705 950 virere
718 905 843 961 census,

116 985 173 1047 sed
188 985 285 1048 finem
299 982 451 1066 inpensae
464 1003 530 1047 non
543 987 646 1048 serrat
659 983 793 1066 prodiga
806 983 917 1048 Roma.

117 1082 250 1144 fidimus
262 1080 414 1162 eloquio?
454 1080 599 1145 (liceroni
613 1100 708 1146 nemo
722 1081 877 1144 ducentos

117 1198 207 1241 rrunc
220 1177 345 1242 dederit
357 1197 517 1254 nummos,
533 1177 595 1242 uisi
608 1175 739 1242 dulserit
751 1177 869 1242 anulus
880 1177 1007 1258 ingene.

117 1275 250 1358 respicit
263 1275 340 1339 haec
353 1275 495 1359 primum
509 1276 565 1359 qui
579 1275 698 1358 litigat,
713 1296 756 1339 an
770 1273 831 1339 tibi
843 1274 928 1338 servi

116 1377 202 1447 octo,
217 1372 328 1436 decem
342 1373 484 1449 comites,
499 1393 541 1436 an
554 1377 627 1456 post
641 1376 674 1436 te
688 1371 776 1448 sella,
791 1371 894 1453 togati

117 1474 195 1534 ante
209 1471 316 1554 pedes.
359 1470 430 1533 ideo
443 1471 603 1534 conducta
617 1470 737 1534 Paulus
749 1470 864 1551 agebat

117 1564 325 1648 sardonyche,
342 1570 437 1649 atque
450 1566 522 1630 ideo
534 1566 637 1649 pluris
651 1586 748 1648 qnam
763 1566 874 1629 Gallus
886 1565 1010 1646 agebat,

118 1683 218 1746 quam
232 1663 366 1727 Basilus
409 1682 481 1727 rara
493 1663 528 1726 in
542 1663 634 1728 tenui
646 1663 801 1728 facundia
812 1681 938 1745 pannon

118 1760 250 1842 quando
262 1760 338 1823 licet
353 1760 459 1824 Basilo
472 1759 602 1824 flentem
615 1761 791 1844 producere
805 1761 964 1822 matrem?

119 1856 192 1939 quis
205 1856 459 1921 benedicentem
474 1857 617 1920 Basilum
629 1858 737 1921 leuati
777 1855 913 1937 accipiat
925 1858 959 1919 tc

120 1954 226 2018 Gallia
239 1954 289 2018 vel
302 1954 409 2038 potius
422 1954 586 2019 nutricula
598 1953 831 2018 causidicorum

118 2051 243 2127 Africa,
259 2050 286 2114 ei
299 2051 421 2134 placuit
433 2051 610 2115 mercedem
624 2070 742 2133 pcnerc
755 2050 907 2132 linguae*
957 2066 961 2074 ·

159 2148 337 2213 declamare
350 2148 468 2214 doces?
508 2169 527 2213 o
540 2150 644 2213 terrea
657 2152 786 2232 pectora
799 2147 901 2223 Vetti,

119 2266 195 2309 cum
209 2245 340 2328 perimit
354 2267 460 2310 saevos
473 2244 579 2326 classis
591 2265 760 2310 numerosa
773 2249 934 2327 tyrannos.
1072 2307 1075 2310 ,

119 2364 196 2408 nam
210 2363 428 2426 quaecumque
443 2345 553 2408 sedens
566 2344 661 2408 modo
675 2343 805 2424 legerat,
821 2342 899 2406 haec
911 2343 1022 2407 eadem
1034 2347 1122 2407 staua

119 2442 262 2524 perteret
274 2446 370 2523 atque
383 2442 494 2505 eadem
507 2440 650 2506 cantabit
663 2441 804 2504 versibus
817 2440 933 2518 isdem}

119 2538 239 2603 occidit
252 2539 382 2602 miseros
395 2539 521 2602 crambe
534 2538 671 2621 repetita
683 2538 862 2620 magistros.

120 2636 193 2718 quis
206 2636 294 2700 color
305 2639 340 2699 et
353 2637 439 2718 quod
453 2636 495 2700 sit
508 2656 619 2702 causae
633 2656 734 2719 genus
747 2640 844 2717 atque
859 2635 914 2700 ubi
926 2655 1052 2699 summa
1159 2639 1218 2700 lec

120 2733 274 2814 quaestio,
292 2751 373 2814 quae
386 2733 517 2796 veniant
529 2733 670 2797 diversae
684 2734 770 2796 torte
782 2733 927 2814 sagittae,

119 2849 211 2892 nosse
225 2829 340 2893 volunt
352 2850 471 2905 omnes,
488 2831 666 2894 mercedem
680 2830 800 2893 solvero
813 2849 917 2894 nemo.

122 2927 321 2990 ‘mercedem
334 2927 499 3009 appellas?
540 2927 619 3009 quid
632 2926 720 2990 euim
734 2926 843 2989 sciol'
888 2926 1003 3008 ‘culpa
1015 2926 1159 2990 docentis

120 3024 241 3087 scilieet
253 3024 411 3106 arguitur,
429 3025 514 3106 quod
528 3024 633 3088 laeuae
647 3028 738 3107 parte
750 3025 911 3088 mamillae

119 3120 167 3183 nil
181 3119 256 3183 salit
270 3120 426 3184 Arcadico
439 3120 558 3197 iuveni,
574 3122 666 3185 cuius
680 3121 762 3184 mihi
775 3126 864 3185 certa
1159 3124 1219 3186 lac

121 3237 247 3300 quaque
260 3217 313 3281 die
327 3216 479 3282 miserum
493 3218 582 3282 dirus
595 3223 694 3302 caput
708 3218 871 3283 Hannibal
885 3219 999 3301 inplet,

120 3313 279 3397 quidquid
294 3313 327 3377 id
342 3323 391 3378 est
404 3316 444 3379 de
459 3336 523 3398 quo
535 3316 701 3392 deliberat,
717 3337 760 3380 an
773 3319 863 3400 petat
876 3317 988 3379 urbem

119 3433 138 3476 a
152 3412 283 3488 Cannis,
299 3433 341 3477 an
356 3417 428 3496 post
441 3414 566 3477 nimbos
578 3418 612 3477 et
625 3415 766 3478 fulmina
779 3418 892 3478 cautus

119 3509 316 3591 circumagat
329 3511 473 3575 madidas
486 3532 506 3575 a
519 3515 707 3593 tempestate
721 3512 878 3576 cobortes.

119 3611 279 3690 quantum
293 3607 342 3671 vis
355 3608 509 3692 stipulare
520 3612 555 3673 et
567 3608 715 3692 protinus
728 3608 846 3692 accipe,
863 3609 942 3690 quid
955 3610 1009 3686 do,
1158 3610 1218 3673 166

118 3709 157 3768 ut
169 3705 290 3769 totiens
303 3704 397 3768 illum
411 3711 503 3787 pater
516 3706 626 3770 audiat
636 3707 671 3768 ?'
713 3705 791 3769 haec
804 3704 860 3768 alii
873 3725 927 3769 sex

121 3803 167 3866 rel
182 3801 291 3886 plures
302 3821 371 3868 uuo
384 3803 584 3866 conclamant
598 3822 651 3866 ora
665 3801 824 3884 sophistae
