2909 4284
226 331 269 404 74
596 317 629 366 u.
654 315 752 366 mm
772 315 963 368 messem

225 473 265 535 ut
278 469 372 537 rebus
384 468 475 536 lestis
487 488 547 554 par
559 466 603 534 sit
615 488 765 534 mensura
780 467 963 534 maommr

225 567 323 632 buius
337 567 393 651 qui
407 567 548 632 trabitur
560 571 759 652 praetextam
771 587 895 632 sumere
908 565 1019 645 made,

225 687 268 730 an
283 666 476 730 Fidenarum
491 664 728 749 Gabiorumque
740 685 808 730 esse
819 669 960 751 potestas

225 766 312 828 etde
326 783 475 827 mensura
487 762 538 826 ius
550 763 665 840 dicere,
682 785 757 830 vasa
769 765 894 829 minora

225 863 373 944 frangere
386 881 548 945 pannosus
560 863 668 928 vacuis
680 863 794 929 aedilis
806 862 963 928 Viubris?

223 981 301 1044 ergo
314 961 392 1044 quid
406 961 583 1044 optandum
597 962 693 1038 soret,
710 962 871 1043 ignorasse
883 958 993 1025 fatens

226 1059 391 1138 Seianum3
414 1079 489 1127 nam
503 1059 559 1142 qui
573 1059 689 1124 nimios
702 1060 833 1143 optabet
846 1058 981 1124 honorus

224 1159 258 1221 et
271 1155 386 1220 nimias
398 1157 547 1240 poscebat
560 1177 645 1240 opes,
661 1177 830 1221 numerosa
842 1155 975 1240 perabat

223 1253 362 1318 excelsae
375 1255 474 1318 turris
490 1255 640 1330 tabulata,
657 1255 744 1319 unde
757 1254 853 1318 altior
865 1256 947 1318 esset

224 1368 314 1413 casus
327 1355 360 1414 et
372 1351 518 1436 inpulsae
531 1371 680 1434 praeceps
693 1352 824 1415 inmane
838 1349 960 1414 ruinae.

225 1446 303 1528 quid
318 1446 454 1523 Crassos,
471 1447 550 1530 quid
564 1447 731 1530 Pompeios
744 1447 861 1513 evertit
872 1450 908 1510 et
919 1446 1024 1523 illurn,

223 1541 265 1606 ed
279 1563 335 1608 sua
348 1545 405 1627 qui
418 1544 556 1609 domitos
568 1546 703 1609 deduxit
716 1546 815 1627 flngra
830 1544 993 1622 Quirites?

223 1659 367 1705 summus
380 1661 495 1724 nempe
508 1642 597 1706 locus
610 1642 700 1706 nullu
713 1662 780 1705 non
793 1646 863 1706 crte
875 1640 997 1723 petitus

223 1756 401 1820 magnaque
414 1739 601 1803 numinibus
614 1748 687 1804 vota
699 1739 851 1803 exaudita
863 1737 1025 1820 malignis.

222 1831 264 1896 ed
277 1853 430 1915 generum
445 1835 569 1900 Cereris
581 1835 650 1900 siue
662 1837 758 1900 caede
770 1856 808 1900 ae
821 1835 954 1899 vnlnere
965 1833 1062 1916 pauci

223 1929 420 1996 descendunt
434 1951 522 2013 reges
535 1936 570 1996 et
581 1932 664 1996 sicca
677 1937 781 1996 morte
795 1931 937 2015 tyranni.

263 2027 425 2108 eloquium
438 2032 496 2091 aut
509 2028 628 2092 umam
642 2029 869 2094 Demosthenis
881 2032 940 2093 aut
954 2028 1119 2092 ciceronis

221 2122 338 2203 incipit
350 2127 460 2206 optare
472 2128 506 2188 et
519 2124 595 2190 totis
608 2125 855 2208 quinquatribus
868 2129 960 2209 optat

222 2218 367 2300 quisquis
378 2220 484 2284 adhuc
497 2240 562 2284 uno
575 2241 703 2304 paream
716 2222 795 2286 colit
807 2242 876 2286 esse
890 2222 1081 2298 Minervam

222 2333 318 2395 quem
331 2316 476 2397 sequitur
488 2321 594 2382 custos
606 2322 759 2398 augustae
772 2320 906 2384 vernula
918 2338 1042 2402 capsae·

220 2410 347 2491 eloquio
359 2413 414 2476 sed
427 2416 561 2496 uterque
574 2415 658 2497 perit
670 2420 787 2493 orator,
803 2420 979 2499 utrumqne

221 2505 328 2586 largus
340 2511 374 2571 et
386 2509 551 2572 exundans
564 2508 628 2573 leto
641 2510 733 2574 dedit
745 2511 867 2593 ingenii
881 2512 966 2592 iens.

220 2601 352 2681 ingenio
363 2623 478 2667 manus
504 2608 552 2673 est
565 2609 599 2668 et
611 2607 718 2669 cervix
732 2627 831 2684 caesa,
848 2628 908 2673 nee
921 2629 1077 2692 umquam

220 2698 375 2778 sunguine
388 2699 539 2763 causidici
552 2702 749 2766 maduerunt
762 2710 864 2768 rostra
877 2705 998 2788 pusilli.

223 2791 262 2854 ‘o
275 2793 470 2857 fortunatam
484 2799 594 2860 natam
608 2818 659 2860 me
672 2801 801 2864 consule
816 2801 951 2865 Romam
962 2802 989 2866 ’a

221 2887 344 2951 Antoni
357 2889 478 2969 gladios
491 2893 598 2974 potuit
611 2898 826 2972 contemnere,
842 2897 869 2961 si
882 2897 929 2961 sie

221 2984 328 3047 omnia
341 2984 480 3050 dixisset.
524 2987 657 3052 ridenda
669 2997 817 3072 poemata
829 2994 914 3058 mulo

221 3098 317 3159 quem
330 3082 374 3154 te,
389 3081 575 3162 conspicuae
587 3084 696 3148 divine
710 3088 892 3172 Philippica
904 3093 1020 3170 iamne,

220 3174 353 3238 volveris
365 3195 384 3238 a
397 3176 500 3256 prima
513 3197 593 3260 quae
606 3182 761 3262 proxima.
804 3206 915 3251 saevus
927 3185 962 3252 ei
974 3190 1070 3254 illum

219 3270 324 3332 exitus
337 3270 466 3352 eripuit,
483 3293 577 3355 quem
591 3277 790 3343 mirabantur
803 3283 951 3349 Athenae

218 3370 394 3428 torrentem
407 3371 440 3430 et
453 3369 540 3450 pleni
555 3374 773 3440 moderantem
786 3380 878 3444 irena
892 3382 1025 3448 theatri.

219 3463 268 3524 dis
281 3461 335 3525 ille
348 3464 485 3527 adversis
497 3467 625 3545 genitus
637 3470 768 3552 iateque
781 3475 921 3554 sinistro,

219 3576 315 3637 quem
328 3564 419 3639 peter
430 3561 571 3626 ardentis
585 3584 702 3629 maseee
715 3570 853 3651 fuligine
867 3574 977 3657 lippus
1079 3600 1085 3641 5

218 3670 239 3714 a
251 3651 385 3715 carbone
397 3659 430 3716 et
442 3656 617 3738 icreipibus
629 3661 812 3745 gladiosque
825 3671 954 3748 paranti

218 3745 334 3809 incude
348 3750 381 3810 et
394 3749 480 3814 luteo
494 3751 639 3818 Vulcano
652 3757 692 3819 ad
707 3757 835 3826 rhetora
846 3765 947 3831 misit.
