2909 4284
227 305 271 386 64
598 303 631 352 n.
655 300 965 351 menevensem

228 454 362 518 damnat
375 453 462 519 enim
476 453 554 519 tales
567 452 707 530 habitus,
721 453 777 518 sed
791 454 924 518 damnet
935 457 970 518 et
983 453 1063 531 odit,

229 571 288 616 nec
301 552 390 634 galea
402 551 518 616 taciem
531 551 705 616 abscondit
750 557 857 618 movet
869 572 942 616 0000
955 552 1142 632 tridentem

228 654 397 735 postquam
411 650 534 714 vibrata
546 649 719 734 pendentia
732 650 814 715 retia
826 651 939 715 dextra

227 749 422 832 nequiquam
435 748 563 825 effudit,
578 748 704 811 nudum
717 749 759 812 ed
772 748 952 832 spectacula
964 748 1088 813 voltum

227 845 323 929 erigit
335 849 369 910 et
382 850 451 910 tcta
463 846 551 928 fugit
564 846 783 928 agnoscendus
795 847 924 910 harena

227 945 403 1020 credamus,
419 943 547 1008 tunicae
560 944 601 1008 de
613 943 759 1008 faucibus
772 963 868 1007 aurea
880 962 956 1006 eum
967 962 1002 1008 se

228 1041 370 1124 porrigat
381 1045 416 1106 et
428 1042 525 1122 lengo
538 1041 675 1106 iactetur
687 1041 774 1124 spire
786 1040 903 1123 galero.

226 1158 302 1221 ergo
315 1139 524 1222 ignominium
538 1139 715 1221 graviorem
728 1139 863 1221 pertulit
874 1137 964 1202 omni

226 1236 358 1300 vulnere
371 1257 446 1300 eum
461 1237 604 1300 Graccho
618 1236 721 1299 iussus
733 1255 878 1318 pugnare
890 1238 1026 1303 secutor.
1109 1237 1113 1244 '

267 1333 367 1397 libera
379 1332 406 1397 si
420 1334 539 1397 dentur
551 1332 671 1415 populo
684 1333 848 1415 suffragia,
864 1332 936 1414 quie
949 1334 1017 1395 tam

226 1431 371 1514 perditus
385 1434 423 1494 ut
436 1429 563 1494 dubitet
577 1430 728 1494 Senecam
742 1430 901 1512 praeiens
914 1429 1062 1493 Neroni?

226 1528 318 1591 cuius
331 1526 490 1610 supplicio
504 1547 570 1591 non
583 1527 696 1590 debuit
707 1546 774 1589 una
787 1525 892 1609 parari

227 1623 319 1689 simia
332 1644 391 1688 nee
403 1643 532 1706 serpens
545 1643 630 1688 uuus
644 1644 702 1688 nee
715 1625 837 1687 culleus
850 1643 946 1688 uuus.

226 1742 285 1805 par
297 1721 591 1804 Agamemnonidae
605 1721 737 1796 crimen,
753 1721 807 1784 aad
821 1741 916 1784 causa
927 1722 1007 1785 tacit
1019 1741 1087 1784 rem

226 1819 421 1883 dissimilem.
466 1818 521 1900 qui
525 1837 586 1901 ppe
600 1817 655 1880 ille
668 1818 738 1880 deis
750 1817 934 1882 auctoribus
947 1818 1035 1880 ultor

226 1917 326 1998 patris
339 1921 408 1980 erat
420 1916 503 1980 cassi
517 1915 622 1979 medie
635 1915 721 1978 inter
734 1915 858 1998 pocula,
874 1915 931 1978 esd
944 1934 1003 1978 nee

227 2013 372 2078 Electrae
386 2013 496 2095 iugulo
510 2033 543 2076 ee
557 2013 674 2096 polluit
686 2017 746 2077 aut
760 2012 909 2095 Spurtuui

227 2110 380 2191 sanguine
394 2110 546 2191 coniugii,
563 2110 662 2173 nullia
675 2109 802 2173 aconita
815 2108 1004 2192 propinquis

226 2207 365 2283 miscuit,
376 2207 417 2269 iu
431 2225 543 2270 scaena
556 2226 733 2287 numquam
747 2207 890 2270 cantavit
904 2205 1040 2284 Orestes,
1064 2275 1076 2284 ‚⁴

227 2305 341 2368 'Proice
353 2325 419 2368 non
433 2304 570 2386 scripsit.
614 2304 692 2386 quid
706 2305 793 2367 enim
807 2304 980 2384 Verginius
992 2305 1090 2368 armis

226 2401 339 2465 debuit
353 2402 461 2464 ulcisci
475 2401 577 2483 magis
590 2405 736 2464 autenm
749 2400 887 2465 Vindice
901 2399 1012 2478 Galba,

227 2498 313 2581 quod
326 2498 413 2562 Nero
425 2503 493 2561 tem
507 2518 597 2562 saeve
609 2499 771 2582 crudaque
790 2498 960 2581 tyrannide
972 2499 1074 2562 tecit?

226 2594 304 2658 haee
317 2615 412 2677 opera
424 2599 521 2678 atque
540 2595 600 2658 hae
615 2601 692 2658 sunt
704 2596 847 2678 generosi
860 2594 1015 2677 principis
1027 2598 1122 2670 urtes,

226 2692 395 2772 gaudentis
408 2693 502 2755 foede
515 2692 683 2774 peregrina
696 2695 738 2756 ud
751 2693 877 2776 pulpita
890 2696 988 2756 cantu

226 2789 376 2871 prostitui
391 2789 566 2870 Graiaeque
578 2789 690 2873 apium
704 2791 853 2853 meruisse
865 2810 1011 2855 coronae.

226 2886 383 2949 maiorum
396 2886 515 2966 effigies
528 2886 667 2950 habeant
680 2886 819 2967 insignia
831 2888 926 2964 vecie,

226 2988 300 3046 ente
314 2983 409 3065 pedes
423 2981 546 3045 Domiti
559 2984 694 3064 longum
708 2989 746 3045 tu
761 3003 843 3065 pone
856 2985 1014 3066 'l'hssastae

226 3099 331 3161 syrma
345 3080 393 3142 vel
408 3079 589 3160 Antigonae
602 3099 772 3161 personum
785 3081 834 3142 rel
848 3080 1063 3165 Melanippaa,

225 3181 259 3240 et
272 3177 312 3238 de
325 3195 500 3239 marmoreo
514 3175 670 3239 citharam
685 3178 841 3258 suspende
853 3179 980 3242 colosso.

267 3273 356 3354 quid,
374 3272 523 3348 Catilina,
540 3273 606 3336 tuis
619 3275 781 3338 natalibus
792 3279 889 3357 atque
902 3275 1038 3360 Cethegi

225 3369 366 3433 inveniet
381 3370 549 3452 quisquam
563 3371 755 3435 sublimius?
796 3392 884 3436 arma
896 3377 1004 3438 tamen
1017 3394 1074 3441 ros

225 3472 383 3531 necturna
396 3470 429 3530 et
442 3465 584 3530 flammas
598 3467 745 3532 domibus
759 3469 949 3550 templisque
962 3472 1093 3552 puratis,

224 3568 264 3626 ut
277 3563 477 3626 bracatorum
491 3565 582 3643 pueri
598 3565 824 3645 Senonumque
836 3565 985 3643 minores,

225 3661 294 3723 ausi
308 3660 393 3740 qued
406 3660 502 3723 liceat
515 3660 625 3722 tunica
638 3661 752 3740 punire
767 3660 910 3726 moleste.

227 3756 281 3819 sed
293 3754 407 3836 vigilat
419 3754 530 3819 eonsul
546 3755 720 3837 vexillaque
735 3762 839 3822 restra
852 3765 990 3841 ooerest;
