2909 4284
500 335 502 340 ’
550 340 685 393 SATVBA
707 341 763 390 111

103 499 138 559 et
152 497 279 578 gratam
293 491 435 577 requiem
448 495 533 558 dona
546 493 623 558 tisiz
645 495 773 578 quando
787 493 904 559 licebat

103 613 163 676 per
177 596 284 656 cotum
298 611 417 656 cessare
431 589 542 655 diem?
581 611 649 655 non
662 591 803 656 laencris
815 591 883 656 nlla

103 690 229 758 mentio
244 709 302 754 nec
314 688 460 772 primasi
472 689 544 753 luce
557 708 680 770 egressa
693 689 811 753 reverti

102 794 199 853 nocte
213 789 303 864 solet,
320 787 418 851 tacito
431 785 529 850 bilem
542 787 602 850 tibi
615 786 786 852 contrahat
798 805 879 851 uxor

94 888 217 953 umida
230 884 384 969 suspeclis
396 886 537 949 reterens
555 885 702 949 multicia
714 885 804 965 rugis

102 990 296 1067 vexatasque
308 1004 414 1049 comas
426 988 460 1049 et
473 985 600 1048 vultum
615 1004 790 1066 auremque
804 984 972 1048 calentem.

101 1082 253 1165 protinus
265 1087 340 1146 ente
353 1102 461 1146 meum
476 1081 633 1165 quidquid
648 1082 738 1147 dolet
750 1102 831 1146 exue
844 1081 955 1157 limen,

101 1200 187 1263 pone
202 1181 334 1243 domum
347 1184 381 1244 ei
394 1199 499 1244 servos
511 1184 545 1244 et
558 1180 717 1263 quidquid
732 1179 897 1261 frangitur
909 1178 975 1244 illis

100 1282 161 1341 aut
173 1277 270 1360 perii,
286 1277 428 1360 ingratos
441 1281 516 1342 ante
529 1278 637 1343 omnia
650 1297 735 1361 pone
748 1277 881 1342 sodales·

100 1374 227 1438 interea
241 1373 463 1457 Megalesiacae
478 1375 658 1455 spectacula
671 1394 806 1456 mappae

100 1470 238 1535 Idaeum
252 1472 402 1536 sollemne
416 1473 537 1548 colunt,
553 1470 730 1554 similisque
744 1470 916 1554 isiumphc

99 1570 221 1651 praeda
233 1569 426 1632 caballorum
440 1573 567 1652 praetor
581 1570 681 1645 sedet,
697 1589 735 1633 ac
748 1567 831 1631 mihi
844 1587 923 1652 pace

99 1667 265 1730 inmensae
279 1666 458 1748 nimiaeque
471 1665 547 1730 licei
560 1667 587 1730 si
600 1667 706 1730 dicere
719 1665 832 1750 plebis,

100 1767 205 1828 tetam
219 1764 313 1828 hodie
327 1764 460 1840 Romam
474 1764 577 1828 circus
591 1764 688 1846 capit,
705 1769 739 1828 ei
752 1765 860 1846 fragor
873 1783 983 1828 aurem

99 1862 254 1944 perculit,
269 1866 419 1925 eventum
434 1861 544 1925 viridis
558 1881 623 1944 quc
635 1861 752 1944 colligo
766 1861 875 1944 panni.

99 1979 176 2024 nam
189 1959 219 2022 si
232 1959 389 2035 deiiceret,
405 1964 557 2023 maestam
571 1959 806 2041 attonitamque
819 1960 942 2024 videres

99 2057 184 2122 hane
199 2058 311 2121 urbem
324 2057 425 2120 veluti
440 2057 624 2121 (ianuarum
638 2057 673 2120 in
686 2057 817 2140 pulvere
831 2057 924 2121 victis

98 2155 295 2219 consulibus.
340 2158 484 2238 spectent
496 2155 638 2230 iuvenes,
656 2174 736 2237 quos
749 2156 869 2219 clamor
881 2159 915 2220 et
927 2156 1033 2219 audax

99 2252 240 2336 sponsio,
256 2271 336 2334 quos
348 2253 454 2316 culiae
467 2253 558 2316 decet
571 2252 728 2316 adsedisse
743 2252 885 2334 puellae:

99 2355 210 2414 nostra
222 2350 312 2413 bibat
325 2370 460 2414 vernum
473 2353 637 2413 contracta
649 2350 792 2414 cuticula
805 2351 904 2414 solem

99 2447 298 2529 effugiatque
312 2452 429 2530 tegam.
473 2448 537 2512 iam
551 2467 639 2512 nunc
653 2448 687 2511 in
701 2448 815 2512 balnea
828 2449 913 2513 salva

99 2546 208 2610 fronte
222 2545 298 2610 licet
311 2547 416 2621 vadas,
433 2566 628 2629 quamquam
642 2546 744 2610 solida
756 2547 835 2610 hore
848 2547 987 2626 supersit
1141 2550 1202 2613 205

100 2644 141 2710 ad
155 2648 287 2708 sextam.
331 2644 435 2707 iacere
448 2643 509 2707 hoc
523 2663 588 2707 non
602 2643 702 2726 possis
716 2645 861 2726 quinque
871 2643 987 2710 diebus

100 2740 274 2816 continuis,
292 2740 368 2823 quia
381 2745 458 2804 suni
471 2739 545 2804 talis
559 2760 686 2823 quoque
700 2741 805 2804 taedia
818 2740 903 2805 vitae

100 2857 233 2920 magna3
254 2837 436 2920 uoluptates
449 2838 652 2903 commendat
666 2837 766 2900 rarior
780 2857 867 2901 usna

541 3077 687 3131 slTvse
708 3078 765 3131 XII

102 3223 222 3301 Natali,
240 3223 389 3302 Corvino,
405 3223 457 3288 die
471 3223 552 3288 mihi
566 3223 690 3288 dulcior
704 3224 781 3288 haec
794 3225 863 3302 lux,

102 3342 166 3404 qua
179 3322 448 3405 lestuspromissa
461 3321 529 3385 deis
542 3321 693 3386 animalia
707 3343 833 3405 caespes

102 3423 258 3503 expectat.
302 3419 428 3482 niveam
442 3418 570 3500 reginae
584 3419 733 3483 ducimus
746 3440 873 3501 agnam,

101 3538 160 3602 par
173 3517 275 3583 vellus
288 3517 418 3581 dabitur
432 3517 593 3599 pugnanti
608 3517 756 3601 Gorgone
770 3518 895 3595 Maura,

103 3616 283 3699 sadprocul
296 3618 463 3679 extensum
478 3616 626 3697 petulans
641 3616 992 3698 quatiihosiiaiunem
1184 3622 1203 3681 δ

103 3713 238 3797 Tarpeio
252 3717 375 3778 servale
389 3713 457 3776 Ioui
472 3713 678 3796 frontemque
692 3718 847 3789 coruscat,

105 3811 223 3899 qnippe
236 3812 327 3876 ferox
341 3810 463 3873 vitulus
476 3811 605 3894 templis
618 3815 765 3878 maturus
778 3815 812 3875 et
824 3831 897 3875 arae
