2909 4284
230 355 253 426 4
595 351 629 404 o.
653 343 968 402 rvs111vvmtsme

231 500 402 584 armigero.
447 501 625 588 simplexne
639 505 733 569 turer
746 502 895 568 metertia
908 487 1054 568 centum‘

230 601 367 684 perdere
380 603 415 664 et
428 599 576 666 horrenti
590 603 738 667 tunicam
751 623 819 666 nou
832 601 967 665 reddere
981 595 1101 664 servo?

232 699 305 783 quis
319 697 459 763 totidem
473 699 577 764 erexit
590 701 694 778 villas,
711 700 784 784 quis
798 699 924 765 iercula
937 702 1063 783 septem

232 801 357 861 secreto
372 796 501 861 cenavit
515 797 622 864 avus?
661 817 752 862 nuno
764 797 911 880 sportula
921 796 1032 880 *primo
1136 817 1138 823 ·
1295 785 1338 849 ao
1451 806 1452 815 ¹

231 895 346 960 limine
360 916 461 980 parva
473 897 565 961 sedet
578 896 694 960 turbae
707 897 864 980 rapienda
877 898 1018 978 togatae.

232 993 288 1057 ille
302 997 413 1058 tamen
427 993 546 1059 taciem
560 993 651 1077 prius
665 994 799 1078 inspicit
812 997 847 1058 et
859 992 1003 1075 trepidat
1016 1007 1059 1053 ne

233 1090 421 1174 suppositus
435 1091 546 1156 venias
559 1111 597 1156 ao
611 1092 694 1156 ialso
708 1091 840 1155 nomine
854 1107 988 1173 poscas:

232 1189 366 1272 agnitus
379 1189 528 1272 accipies.
572 1188 665 1253 iubet
678 1207 698 1252 a
712 1207 871 1272 praecone
884 1185 992 1252 vocari

233 1285 320 1368 ipsos
334 1285 548 1368 Troiugenas,
564 1306 641 1350 uam
655 1290 775 1351 vexant
787 1286 890 1349 limen
903 1288 937 1349 et
950 1282 1014 1368 ipsi
1277 1274 1341 1337 10⁰

233 1384 414 1448 nobiscum.
461 1384 523 1448 ‘da
536 1383 690 1466 praetori,
706 1383 749 1447 da
764 1383 881 1446 deinde
895 1376 1054 1444 tribuno!

234 1481 291 1544 sed
304 1480 477 1545 libertinus
491 1481 581 1563 prior
595 1486 655 1545 est.
702 1479 830 1563 ‘prior'
843 1476 953 1561 inquit
969 1483 1046 1560 ‘ego
1060 1473 1187 1538 adsum.

234 1597 294 1643 cor
307 1578 440 1643 timeam
455 1577 643 1642 dubitemve
657 1578 768 1642 locum
782 1577 968 1652 defendere,
985 1569 1133 1656 quamvis

148 1723 155 1736 .
234 1680 332 1740 natus
346 1676 389 1740 ad
403 1675 607 1757 Euphraten,
624 1674 738 1738 molles
752 1674 841 1757 quod
854 1673 890 1737 iu
903 1691 982 1736 aure
995 1671 1158 1734 fenestrae

234 1773 414 1856 arguerint-
430 1771 509 1836 licet
523 1772 591 1854 ipse
605 1791 721 1854 negem
735 1771 750 1835 1
790 1769 847 1834 sed
861 1769 1005 1855 quinque
1018 1767 1174 1830 tabernae
1279 1761 1342 1824 loo

235 1869 475 1953 quadringente
489 1873 616 1953 parant.
661 1868 742 1951 quid
755 1868 884 1931 confert
897 1885 1044 1950 purpura
1057 1860 1162 1926 maior

235 1967 428 2050 optandum,
445 1965 472 2030 si
487 1964 645 2029 Laurenti
659 1965 805 2029 custodit
818 1963 854 2027 in
868 1981 946 2046 agro

235 2064 414 2128 conductas
430 2063 589 2127 Oorvinus
603 2081 688 2138 eves,
706 2081 765 2143 ego
779 2060 928 2144 possideo
941 2059 1016 2142 plus

236 2161 384 2224 Pallante
399 2164 433 2223 et
447 2159 570 2224 Licinis
585 2158 619 2224 i’
660 2162 833 2240 expectent
847 2175 924 2243 ergo
939 2152 1078 2231 tribuni,

235 2257 369 2321 vincant
384 2254 529 2331 divitiae,
546 2275 691 2320 sacroue
706 2255 801 2318 cedat
814 2254 931 2318 honori
1283 2245 1348 2307 11⁰

235 2373 341 2435 nuper
354 2353 389 2416 in
403 2351 488 2417 hauc
503 2353 616 2416 urbem
629 2352 768 2434 pedibus
781 2351 838 2434 qui
852 2353 986 2416 venerat
999 2348 1093 2424 albia,

236 2448 500 2532 quandoquidem
511 2449 597 2512 inter
608 2468 667 2512 uos
681 2448 884 2512 sanctissima
898 2446 1090 2512 divitiarum

236 2544 398 2620 maiestas,
414 2544 476 2609 etsi
490 2545 623 2608 funesta
635 2545 776 2626 pecunia
788 2545 912 2627 templo

236 2641 384 2705 nondum
397 2641 536 2717 habitat,
553 2641 659 2704 nullas
672 2660 883 2704 nummorum
897 2640 1060 2704 ereximus
1073 2655 1158 2713 aras,

237 2742 276 2802 ut
290 2737 409 2803 colitur
424 2738 492 2800 Pax
505 2742 603 2820 atque
619 2737 715 2801 Fides
730 2737 878 2803 Victoria
891 2738 1008 2801 Virtus
1242 2783 1245 2788 -
1288 2734 1351 2797 11⁵

237 2853 384 2918 quaeque
398 2834 542 2897 salutato
557 2833 696 2916 crepitat
712 2833 893 2900 Concordia
906 2834 996 2897 nido.

237 2931 294 2994 sed
308 2949 383 2994 oum
394 2949 540 2994 summus
554 2930 658 2993 honor
672 2931 767 2994 finito
778 2934 937 3013 conputet
951 2950 1050 3005 anno,

237 3027 383 3109 sportula
396 3025 476 3109 quid
490 3027 622 3102 reserat,
639 3031 800 3108 quantum
814 3023 997 3091 rationibus
1011 3026 1124 3101 addat,

237 3123 318 3206 quid
331 3120 454 3186 iaciant
467 3121 602 3185 comites
616 3123 735 3204 quibus
748 3123 826 3186 hinc
839 3127 928 3205 toga,
944 3123 1074 3186 calceus
1087 3121 1169 3186 hino
1183 3123 1238 3186 eat

238 3223 272 3284 et
285 3217 378 3302 panis
391 3218 567 3300 sumusque
581 3218 698 3282 domi?
739 3219 1075 3283 densissimacentum
1290 3220 1356 3282 120
1449 3234 1450 3241 ¹

166 3385 172 3402 Ι
238 3315 435 3399 quadrantes
447 3314 564 3378 lectica
578 3315 673 3397 petit,
690 3316 901 3398 sequiturque
916 3316 1080 3380 maritum

237 3411 394 3493 languida
407 3410 458 3473 vel
468 3428 626 3493 praegnas
640 3415 673 3472 et
687 3411 945 3475 circumducitur
959 3431 1053 3475 uxor.

238 3507 292 3571 hic
306 3507 391 3589 petit
406 3506 532 3570 absenti
546 3510 625 3569 nota
638 3505 703 3569 iam
718 3507 855 3571 callidus
870 3512 940 3571 arte

239 3602 412 3667 ostendens
427 3621 561 3667 vacuam
576 3607 609 3664 et
623 3603 765 3666 clausam
779 3623 838 3686 pro
854 3604 994 3686 coniuge
1008 3605 1134 3669 sellam.

241 3699 357 3764 ‘Galla
370 3718 442 3762 mea
455 3697 525 3761 est’
539 3697 647 3779 inquit
664 3698 779 3762 ‘citius
794 3699 933 3764 dimitte.
979 3700 1151 3766 moraris?
1295 3704 1359 3768 lau
1448 3714 1449 3719 ’

238 3797 359 3878 profer,
378 3795 480 3872 Galla,
498 3798 606 3876 caput.
649 3794 716 3857 noli
733 3815 858 3872 vexare,
874 3796 1046 3891 quiescet?
1060 3836 1080 3860 -.
1194 3850 1198 3856 .
