2909 4284
236 283 256 332 2
600 278 632 329 D.
659 278 756 328 1vre11
778 277 972 328 1VVEMLIB

276 451 351 497 cum
365 435 458 498 tener
472 451 605 498 uxorem
620 431 720 497 ducat
734 430 845 516 spado,
863 429 970 494 Mevia
984 430 1128 495 Tuscum

235 531 315 613 figat
329 548 444 612 aprum
459 533 493 593 et
506 529 596 593 nude
609 533 720 592 teneat
735 527 895 593 venabula
909 546 1058 604 memma,

234 626 390 710 patricios
405 627 510 690 omnis
525 627 639 709 opibus
654 647 731 690 oum
745 629 900 709 provocet
914 644 1000 688 unus

235 743 300 806 quo
314 723 473 788 tondente
487 723 594 806 gravis
604 724 715 788 iuveni
730 723 812 786 mihi
826 723 926 787 barba
939 720 1085 795 sonabat,
1293 717 1335 780 25

235 841 312 885 cum
325 841 399 904 pars
414 821 559 886 Niliacae
573 821 687 907 plebis,
705 841 781 884 eum
794 840 894 886 verna
910 816 1033 907 Canopi

237 918 406 1002 Crispinus
421 919 535 1002 Tyriae
549 939 660 982 umero
674 921 848 982 revocante
861 917 1008 981 lacernae

235 1016 373 1080 ventilet
387 1015 545 1080 aestivum
560 1015 672 1098 digitis
686 1014 880 1080 sudantibus
895 1033 1012 1078 aurum

234 1132 295 1176 nec
310 1114 445 1177 sufferre
459 1116 557 1196 queat
570 1111 700 1176 maioris
714 1113 859 1196 pondere
871 1131 1029 1194 gemmae,

236 1210 367 1274 difficile
382 1214 431 1274 cat
445 1214 589 1274 saturam
603 1229 669 1274 non
684 1210 834 1274 scribere.
879 1229 956 1272 nam
971 1209 1044 1292 quie
1057 1207 1189 1292 iniquae
1295 1210 1338 1273 30
1443 1170 1445 1309 y

235 1311 304 1370 tam
317 1307 445 1390 petiens
459 1308 559 1384 urbis,
572 1311 641 1371 tam
655 1308 792 1386 ferreus,
808 1311 847 1370 ut
859 1310 972 1371 teneat
986 1325 1031 1382 ee,

236 1403 391 1468 causidici
404 1424 489 1469 nova
502 1425 577 1469 cum
591 1405 701 1468 veniet
713 1404 831 1468 lectica
846 1401 1012 1468 Mathonis

166 1539 173 1546 -
235 1502 332 1584 plena
345 1500 428 1584 ipso,
444 1503 620 1584 posthunc
635 1501 747 1584 magni
761 1501 887 1565 delator
900 1499 1000 1565 amici
1444 1488 1445 1563 l

235 1603 269 1662 et
283 1599 350 1662 cito
364 1604 518 1682 rapturus
531 1600 572 1663 de
585 1599 758 1663 nobilitate
774 1618 900 1662 comesa

235 1696 323 1778 quod
335 1701 494 1780 superest,
506 1717 602 1780 quem
617 1697 723 1760 Maesa
737 1695 844 1771 timet,
862 1714 959 1778 quem
972 1713 1107 1758 munere
1120 1695 1235 1778 pulpat
1298 1697 1339 1758 35

237 1792 338 1857 Oarus
353 1798 386 1857 et
400 1813 419 1858 a
433 1793 561 1876 trepido
576 1793 733 1876 Thymele
747 1792 918 1856 summissa
931 1791 1051 1855 Latino
1065 1791 1081 1856 i

235 1911 312 1954 oum
326 1895 360 1954 te
374 1895 601 1954 summoveant
616 1891 672 1974 qui
686 1894 884 1954 testamenta
897 1894 1066 1953 merentur

234 1987 397 2063 noctibus,
414 1987 450 2050 in
464 1986 590 2051 caelum
604 2007 684 2070 quos
699 1986 808 2051 evehit
823 1987 947 2069 optima
961 1984 1081 2050 summi

234 2104 324 2148 nunc
338 2084 391 2149 via
405 2104 584 2166 processus,
601 2085 730 2148 vetulae
744 2085 850 2148 vesica
864 2083 1006 2148 beatae?
1446 2138 1447 2165 ยน

234 2181 398 2245 unciolam
414 2181 602 2245 Proculeius
616 2181 726 2257 habet,
743 2182 800 2245 sed
815 2181 901 2245 Gillo
916 2181 1087 2257 deuncem,
1299 2180 1345 2242 40
1446 2174 1447 2197 ยน

234 2282 341 2360 partes
356 2277 492 2361 quisque
503 2279 629 2341 suasad
643 2298 827 2342 mensuram
840 2277 985 2359 inguinis
999 2275 1104 2342 heres.
1446 2268 1447 2271 ยน

234 2373 374 2456 accipiat
389 2394 465 2438 sane
479 2376 660 2439 mercedem
675 2375 843 2457 sanguinis
858 2380 891 2438 et
905 2375 952 2438 aic
1053 2371 1063 2382 '

233 2471 366 2554 palleat,
384 2473 422 2534 ut
436 2471 533 2535 nudis
547 2471 665 2553 pressit
680 2472 736 2555 qui
752 2471 894 2535 calcibus
909 2490 1063 2555 anguem,

234 2571 293 2630 aut
307 2566 584 2649 Lugudunensem
598 2568 710 2633 rhetor
724 2569 873 2632 dicturus
887 2569 929 2631 ed
939 2589 1039 2633 aram.

234 2663 314 2746 quid
328 2666 466 2728 referam
481 2669 604 2748 quauta
618 2664 741 2728 siccum
755 2665 845 2728 iecur
858 2667 972 2729 ardeat
985 2665 1046 2740 ira,
1300 2665 1345 2728 45

234 2781 310 2825 eum
323 2761 482 2843 populum
496 2762 648 2844 gregibus
663 2762 822 2825 comitum
835 2762 955 2844 premit
969 2762 1024 2826 hic
1037 2761 1197 2847 spoliator

233 2857 352 2941 pupilli
367 2858 545 2939 prostantis
560 2862 595 2921 et
607 2858 662 2922 hio
677 2859 850 2922 damnatus
864 2858 955 2922 inani

233 2954 355 3018 iudicio
368 2953 383 3017 i
417 2954 497 3036 quid
511 2954 598 3017 enim
613 2955 709 3018 salvis
722 2954 859 3018 iniamie
872 2954 1016 3021 nummis
1030 2954 1047 3021 i

233 3050 309 3113 exul
324 3051 364 3114 ab
379 3054 493 3115 octava
508 3051 631 3114 Marius
646 3051 730 3114 bibit
744 3055 779 3115 et
792 3051 917 3114 fruitur
930 3052 982 3116 die

232 3147 335 3224 iratis,
352 3147 885 3230 attuvictrixprovinciaploree.
1049 3191 1054 3214 .
1303 3153 1347 3216 50

233 3239 312 3307 haec
327 3263 387 3325 ego
402 3263 468 3308 nou
482 3244 611 3307 credam
624 3243 793 3308 Venusina
806 3243 907 3327 digna
919 3245 1083 3314 lucerua?

232 3340 312 3404 haec
327 3359 387 3421 ego
400 3360 467 3403 nou
481 3340 630 3422 agitem?
669 3341 725 3404 sed
740 3340 819 3423 quid
831 3343 963 3424 magis?
1004 3344 1182 3412 Heracleae

233 3440 293 3500 aut
306 3435 498 3500 Diomedeae
512 3440 570 3499 aut
583 3437 748 3519 mugitum
762 3437 940 3520 labyrinthi

233 3537 268 3596 et
281 3552 368 3596 mare
382 3553 570 3614 percussum
584 3553 685 3615 puero
699 3534 895 3617 fabrumque
909 3537 1086 3617 volentem,

234 3650 310 3692 cum
322 3628 399 3692 leno
412 3629 551 3712 accipiat
564 3629 691 3693 moechi
705 3629 802 3706 bona,
819 3631 845 3694 ei
861 3633 1011 3714 capiendi

234 3725 285 3790 ius
299 3726 429 3789 nullum
443 3724 548 3803 uxori,
565 3726 680 3790 doetus
695 3731 840 3810 spectare
854 3729 1000 3806 lacunar,
