2909 4284
593 321 627 370 D.
651 321 749 371 mm
769 321 963 373 mmm

660 563 805 618 SATVRA
826 562 893 618 m

227 708 307 786 Quis
320 730 491 778 numerare
503 715 603 798 queat
615 713 722 779 felicis
736 712 890 798 praemia,
905 712 1001 790 Gelli,

227 805 388 870 militiae?
427 826 502 870 nam
516 808 544 870 si
557 808 735 872 subeuntur
748 825 898 890 prospera
912 812 1026 884 castra,

227 923 279 967 me
291 903 445 986 paridam
457 904 595 988 excipiat
607 905 747 968 tironem
760 909 854 988 porta
867 904 1006 968 secundo

226 1001 339 1065 sidere.
381 1001 455 1085 plus
467 1001 588 1066 etenim
600 1001 663 1064 moi
676 1002 762 1065 valet
774 1001 853 1065 hora
866 1001 997 1084 benigni

227 1119 324 1180 qaam
337 1099 364 1162 si
377 1118 436 1164 nos
449 1099 585 1164 Veneris
597 1099 802 1163 commendet
815 1098 954 1183 epistula
967 1096 1065 1162 Marti

226 1202 260 1259 et
273 1196 380 1261 Samia
392 1199 539 1280 genetrix
552 1217 634 1279 quae
647 1196 826 1260 delectatur
839 1196 969 1260 harena.

264 1293 434 1356 commoda
445 1295 625 1356 trwtemm
636 1291 782 1372 primum
795 1288 990 1364 communia,
1003 1307 1144 1370 quorum

226 1382 308 1448 haut
320 1384 494 1448 mininam
506 1385 590 1449 illud
603 1385 677 1461 erit,
693 1405 736 1448 ne
749 1389 784 1449 te
796 1384 923 1468 pulsare
936 1385 1065 1463 togatus

226 1481 353 1557 undeet,
369 1480 469 1545 immo
481 1481 541 1546 etsi
555 1483 714 1565 pulsetur,
730 1481 910 1546 dissimulet
923 1499 982 1544 nec

226 1578 342 1642 audead
355 1598 502 1645 excussos
514 1579 654 1663 praetori
667 1581 833 1644 ostendere
847 1578 959 1642 dentm

226 1680 260 1739 et
272 1676 399 1758 nigram
412 1677 448 1740 in
460 1677 544 1742 iccio
556 1677 692 1741 tumidis
704 1677 859 1741 livoribus
872 1677 969 1740 ellam

226 1776 323 1854 atquo
336 1775 468 1838 oculum
481 1775 606 1838 medico
618 1775 668 1838 nil
680 1775 890 1858 promittente
904 1773 1065 1836 relictum.

227 1869 400 1935 Bardaicus
414 1872 512 1936 iudex
526 1871 623 1936 datar
635 1872 714 1935 haec
726 1870 844 1955 punire
857 1867 976 1934 volenti

226 1967 349 2031 calceus
362 1974 396 2032 et
408 1970 546 2051 grandes
558 1989 676 2051 magna
687 1968 730 2032 ad
744 1966 893 2032 subsellia
906 1983 997 2029 surae

226 2066 350 2146 legibus
362 2067 506 2150 antiquis
519 2071 695 2130 castrorum
709 2069 743 2129 et
756 2085 844 2129 more
859 2061 986 2129 camilli

226 2169 360 2240 servato,
376 2165 468 2228 miles
481 2186 523 2230 ne
536 2165 658 2229 rollum
670 2163 778 2245 litiget
791 2168 882 2226 extra

227 2264 261 2322 ct
274 2262 385 2342 procul
398 2283 418 2326 a
430 2261 541 2344 signis.
584 2261 758 2324 iustissima
771 2259 998 2323 centurionum

226 2359 367 2438 cognitio
381 2365 430 2422 est
443 2360 545 2441 igitur
558 2359 599 2422 de
613 2359 728 2434 milite,
744 2377 804 2420 noc
817 2356 898 2419 mihi
913 2354 996 2419 derit

227 2455 319 2531 ultio,
336 2457 363 2519 si
377 2456 479 2520 iustae
492 2457 638 2520 defertur
650 2475 746 2519 causa
759 2453 928 2538 querellae.

227 2556 296 2616 tota
308 2554 421 2617 cohors
434 2559 541 2618 tamea
556 2558 604 2617 est
617 2552 759 2628 inimica,
776 2570 948 2631 omnesque
962 2546 1096 2630 manipli

227 2670 381 2714 consensu
396 2671 514 2733 magno
527 2651 672 2715 efficiunt
685 2649 836 2713 curabilis
850 2652 888 2710 ut
902 2647 944 2710 sit
1072 2677 1076 2685 ·

227 2747 370 2811 vindicta
382 2752 415 2812 et
429 2748 555 2830 gravior
569 2769 666 2830 quam
680 2747 808 2810 iniuria.
854 2745 990 2826 dignum
1003 2743 1066 2806 erit
1078 2761 1154 2824 ergo

227 2845 447 2908 declamatoris
460 2847 586 2908 mulino
599 2846 693 2908 cordo
706 2842 844 2926 Vagelli‚

227 2961 302 3004 cum
316 2943 382 3005 duo
395 2962 489 3027 crure
500 2942 627 3017 habeas,
643 2942 805 3005 offendere
820 2943 870 3002 tet
883 2939 1011 3021 caligas,
1027 2939 1077 3000 tot

228 3038 316 3102 milia
329 3038 502 3102 clavorum.
546 3040 618 3120 quis
631 3043 696 3101 tam
711 3036 823 3120 procul
837 3037 920 3100 absit
933 3036 973 3098 ab
987 3035 1065 3096 urbe

228 3139 399 3217 praeterea,
416 3137 489 3217 quis
502 3139 569 3198 tam
583 3137 727 3217 Pylades,
744 3135 861 3198 molem
874 3133 998 3214 aggeris
1012 3130 1100 3194 ultre

228 3236 268 3294 ut
280 3233 412 3295 veniat?
451 3232 599 3294 lacrimae
613 3233 773 3294 siccentur
784 3231 943 3313 protinus,
960 3230 992 3290 et
1006 3244 1039 3290 se

228 3333 432 3395 excusaturos
445 3349 511 3392 non
525 3328 732 3392 sollicitemus
745 3329 871 3392 amicos.

231 3426 292 3490 ‘da
305 3426 438 3490 testem’
454 3425 552 3488 iudex
565 3446 639 3489 cum
653 3425 782 3501 dixerit,
799 3426 916 3488 audeat
929 3423 984 3486 illo

229 3526 334 3588 nescio
348 3525 420 3606 quis
432 3544 558 3606 pugnos
572 3522 627 3605 qui
641 3524 735 3599 vidis,
751 3524 856 3587 dicere
871 3519 982 3597 ‘ridi‘

229 3625 262 3684 et
275 3622 401 3684 credam
415 3622 551 3700 dignum
564 3622 661 3684 barba
674 3622 874 3703 dignumque
888 3619 1010 3700 capillis

230 3716 397 3781 maiorum.
440 3717 536 3780 citius
548 3717 666 3781 falsum
680 3719 855 3799 producere
869 3720 982 3780 testem
