2909 4284
230 303 272 370 28
596 317 629 366 n.
653 316 750 368 num
770 317 962 370 numanus

228 472 288 533 aut
301 465 405 553 glacie
418 485 566 552 asperam
579 467 715 534 maculis
729 465 916 549 Tiberinus,
933 472 969 534 et
981 469 1051 554 ipse

227 567 363 632 vernula
376 563 533 647 riparum,
548 564 680 648 pinguis
694 569 839 630 torrente
853 568 963 632 cloaca

228 667 262 727 et
275 663 391 726 solitus
405 661 529 725 medias
543 665 691 746 cryptam
704 668 875 746 penetrare
890 664 1045 729 Suburae.

268 759 330 844 ipsi
344 779 448 844 pauca
461 759 569 835 velim,
585 759 717 824 laoilem
730 760 758 825 si
772 762 925 844 praebeat
937 782 1059 828 aurem.

229 861 242 895 ‘
249 877 344 921 nemo
355 856 451 940 petit,
469 856 604 920 modicis
618 877 700 940 quae
715 858 934 923 mittebantur
946 858 1059 924 amicis

227 974 247 1017 a
261 953 393 1030 Seneca,
409 973 492 1036 quae
505 952 581 1018 Piso
594 952 710 1030 bouus,
727 975 810 1038 quae
825 953 923 1020 (totta
936 955 1060 1020 solebat

226 1050 358 1134 largiri3
378 1069 518 1132 namque
533 1054 566 1115 et
580 1050 688 1116 titulis
702 1055 737 1114 et
750 1051 893 1116 fascibus
906 1052 984 1117 olim

227 1147 329 1211 maior
342 1147 523 1211 habebatur
536 1147 679 1212 donandi
693 1147 807 1231 gloria.
851 1148 957 1212 solum

226 1243 389 1326 poscimus
403 1247 443 1307 ut
453 1263 547 1309 cenes
561 1243 710 1310 civiliter.
755 1245 817 1310 hoo
831 1246 903 1310 iace
917 1249 952 1309 et
965 1252 1045 1324 esto,

226 1345 306 1418 esto,
323 1346 362 1404 ut
375 1361 464 1406 nuno
474 1341 583 1418 multi,
601 1341 690 1407 dives
705 1342 777 1421 tibi,
794 1363 919 1427 pauper
931 1343 1067 1408 amicia'

265 1438 387 1503 auseris
400 1443 477 1502 ante
491 1439 599 1521 ipsum
612 1439 723 1522 magui
737 1439 838 1517 iecur,
853 1441 1021 1506 anseribus
1033 1460 1093 1525 par

226 1535 337 1611 altilia,
354 1532 388 1600 e't
401 1535 476 1601 flavi
490 1535 609 1618 dignus
623 1537 711 1602 lerro
725 1537 882 1621 Meleagri
959 1545 962 1552 '

226 1643 355 1714 spumat
370 1652 456 1716 aper.
501 1637 576 1716 post
590 1633 679 1698 hunc
693 1635 868 1698 tradentur
880 1632 1008 1711 tubera,
1024 1634 1052 1698 si
1064 1653 1123 1700 rer
1179 1679 1184 1688 ι

225 1733 306 1792 tuuc
321 1729 384 1793 erit
397 1732 432 1794 et
444 1728 569 1794 facient
583 1734 697 1813 optata
710 1731 859 1795 tonitrua
873 1751 969 1797 cenas

225 1826 370 1892 maiores.
414 1827 498 1890 ‘tibi
512 1826 595 1891 habe
608 1827 834 1892 frumentum'
849 1829 999 1892 Alledius
1012 1828 1121 1911 inquit

228 1928 239 1959 ‘
247 1942 267 1987 o
281 1923 393 2006 Libye,
410 1924 560 2007 disiunge
574 1924 682 2000 boves,
699 1926 780 1989 dum
793 1926 911 1990 tubera
925 1923 1062 1990 mittas!

225 2026 420 2085 structorem
434 2021 569 2096 interea,
585 2041 693 2104 nequa
706 2023 893 2106 indignatio
908 2022 1003 2100 desit,

225 2117 400 2183 saltantem
413 2122 539 2201 spectes
553 2122 587 2181 et
602 2117 855 2184 chironomunta
868 2120 993 2186 volanti

224 2215 369 2291 cultello,
386 2213 488 2278 donec
501 2216 637 2298 peragat
651 2210 777 2274 dictata
790 2209 939 2293 magistri

224 2311 334 2376 omnia
345 2333 355 2392 3
369 2329 429 2374 neo
442 2309 579 2374 minimo
593 2327 671 2372 sane
684 2307 872 2371 discrimine
885 2307 998 2384 refert,

224 2428 290 2492 quo
303 2411 399 2491 gestu
411 2406 537 2489 lepores
552 2409 587 2469 et
601 2425 665 2488 quo
679 2404 803 2486 gallina
817 2409 955 2469 secetur.

224 2505 353 2571 duceris
365 2503 479 2587 planta
492 2504 585 2568 velut
598 2501 685 2566 iotns
699 2503 740 2566 ab
755 2501 899 2566 Hercule
915 2500 1020 2566 Occua
1263 2505 1324 2567 125

224 2607 259 2666 et
272 2621 392 2686 ponere
406 2600 497 2675 ioris,
515 2600 542 2663 si
558 2600 637 2683 quid
651 2598 863 2683 temptaveris
877 2618 1032 2680 umquam

224 2700 359 2775 hiscere,
374 2701 544 2781 tamquam
556 2697 675 2762 habeas
689 2696 754 2760 tria
767 2695 911 2761 nomina.
957 2695 1087 2778 quaudo
1101 2695 1257 2778 propinat

224 2798 321 2862 Virro
334 2795 397 2860 tibi
411 2794 551 2859 sumitve
565 2794 633 2858 tuis
648 2797 801 2858 contacta
815 2793 941 2857 labellis

223 2893 370 2978 pocula?
410 2893 482 2977 quis
493 2896 639 2956 vestrum
653 2891 846 2955 temerarius
861 2891 1072 2973 usqueadeo,
1088 2888 1160 2972 quis

224 2993 382 3075 perditus,
399 2995 439 3054 ut
453 2990 541 3054 dicat
556 2989 625 3073 regi
643 2990 739 3054 ‘bibe
754 2990 763 3021 ’
778 2988 793 3054 i
833 2989 974 3072 plurima
987 2991 1066 3052 sunt
1081 3004 1162 3069 quae
1260 2989 1323 3052 130

224 3110 293 3154 ιιοιι
306 3088 429 3153 audent
442 3088 590 3154 homines
604 3091 738 3171 pertusa
752 3087 860 3151 dicere
873 3087 976 3150 laeua.

225 3187 464 3270 quadringenta
477 3185 539 3249 tibi
555 3185 582 3249 si
597 3184 670 3268 quis
685 3184 765 3248 deus
779 3188 838 3248 aut
851 3183 966 3248 similis
980 3182 1031 3247 dis

226 3289 259 3347 et
273 3284 386 3347 melior
400 3283 478 3348 fatis
494 3283 630 3347 donaret
643 3281 831 3359 homuncio,
848 3285 1004 3365 quantus,

225 3402 266 3445 ex
278 3380 382 3444 nihilo
397 3384 539 3463 quantus
553 3382 645 3443 fieres
660 3379 809 3442 Virronis
823 3379 956 3442 amicus.

226 3465 291 3541 ‘da
305 3476 434 3553 Trebio,
451 3496 535 3559 pone
550 3475 592 3540 ad
606 3475 772 3540 Trebium.
817 3476 877 3552 ris,
894 3476 1006 3551 irater,
1024 3475 1064 3539 ab
1078 3475 1156 3558 ipsis
1265 3478 1326 3540 135

224 3575 322 3638 ilibus
336 3573 369 3637 i’
410 3595 429 3638 o
443 3571 583 3649 nummi,
598 3573 688 3637 vobis
702 3573 792 3637 hunc
806 3577 951 3657 praestat
964 3573 1131 3648 honorem,

224 3691 281 3736 vos
295 3671 373 3735 estis
386 3672 513 3735 iratres.
559 3670 709 3735 dominus
722 3674 834 3734 tamen
848 3675 882 3734 et
897 3668 1021 3734 domini
1034 3688 1091 3732 rex

225 3767 252 3832 si
266 3768 315 3834 vis
329 3771 368 3831 tu
381 3767 462 3846 fleri,
478 3767 590 3832 nullus
604 3767 665 3834 tibi
679 3767 831 3850 parvolus
845 3768 920 3846 aula
