2909 4284
251 310 325 364 1oe
626 309 660 359 D.
684 309 782 360 mm
802 305 992 358 masma

258 463 339 526 tuno
353 458 444 538 ielis,
461 459 612 544 quotiens
626 460 744 545 aliquis
757 461 882 526 tortora
895 460 1012 524 vocato

258 559 367 622 uritur
380 557 509 622 ardenti
524 558 589 622 duo
603 564 738 641 propter
750 557 855 622 lintea
866 557 997 621 terro-

258 656 336 739 quid
352 655 467 720 suadet
480 655 591 720 inveni
604 657 710 720 laetus
724 655 864 719 stridore
877 659 1020 729 catenae,

257 773 355 836 quem
368 753 449 817 mire
463 753 622 817 adficiunt
635 753 804 836 inscripta,
820 751 994 835 ergastula,
1010 745 1148 814 carcar?

257 850 399 915 rusticus
413 856 564 932 expectas
578 854 617 914 ut
630 870 698 914 non
711 851 756 914 sit
770 848 920 914 adultera
933 848 1058 930 Isargae
1318 841 1355 904 25

257 947 333 1024 fllia,
350 967 432 1030 quas
446 966 626 1030 numquam
639 951 804 1011 maternos
818 947 926 1011 dicere
939 943 1092 1008 moechor

256 1048 325 1108 tam
339 1043 405 1108 cito
418 1064 479 1108 neo
493 1047 587 1108 tanto
600 1043 723 1127 poterit
736 1049 908 1108 coutexere
923 1061 1032 1119 curm,

257 1145 295 1204 ut
309 1161 376 1204 non
390 1140 547 1206 terdecies
560 1141 697 1224 respiret
711 1141 726 1206 t
766 1141 897 1207 conscia
909 1137 1008 1203 matri

256 1237 347 1320 virgo
360 1237 438 1314 ruis,
455 1258 543 1302 ceras
557 1258 646 1302 nunc
660 1238 722 1303 hac
737 1237 885 1302 dictante
898 1236 1033 1320 pusillas

256 1334 370 1418 implet
384 1334 660 1400 etadmoeohum
674 1336 732 1400 dat
746 1334 869 1398 eisdem
882 1335 969 1398 terra
983 1330 1140 1397 cinaedis.
1322 1326 1357 1389 3⁰

255 1431 301 1495 sio
315 1435 433 1496 natura
446 1432 537 1496 iubet
551 1452 558 1495 :
580 1431 722 1496 velocius
737 1436 771 1496 et
785 1431 885 1496 citius
897 1451 958 1495 nos

255 1533 469 1611 corrumpunt
483 1529 639 1594 uitiorum
653 1528 801 1610 exempla
816 1527 1005 1603 domestica,
1022 1523 1150 1607 magnis

255 1645 329 1689 cum
344 1625 486 1690 subeunt
499 1627 624 1690 animos
638 1625 837 1690 auctoribus.
883 1644 969 1688 unus
984 1628 1018 1686 et
1032 1623 1116 1687 altor

254 1722 392 1786 forsitan
405 1722 484 1787 haec
497 1727 653 1805 spernant
666 1721 811 1798 iuvenes,
828 1721 947 1804 quibus
960 1724 1032 1784 arte
1045 1718 1189 1800 benigna

254 1823 288 1882 et
302 1817 432 1883 meliore
445 1819 517 1883 luto
531 1819 626 1883 finxit
639 1816 829 1902 praecordia
843 1817 954 1894 Titan,
1320 1811 1356 1874 ab

254 1916 310 1979 sed
323 1915 464 1998 reliquos
477 1916 636 1999 fugienda
648 1920 782 1999 patrum
795 1916 934 1997 vestigia
948 1914 1078 1980 ducunt

254 2015 288 2075 et
301 2016 480 2077 monstrata
494 2013 551 2076 diu
565 2013 683 2077 veteris
697 2013 800 2076 trehit
814 2013 922 2076 orbita
935 2012 1063 2094 culpae.

254 2222 320 2266 una
333 2209 448 2286 potens
461 2206 545 2269 ratio
558 2213 619 2282 est,
635 2226 677 2270 ne
692 2205 830 2270 crimina
842 2210 956 2269 nostra
970 2207 1150 2287 sequantur

254 2317 294 2361 ex
306 2301 399 2364 nobis
412 2301 526 2383 geniti,
542 2303 696 2384 quoniam
710 2302 832 2367 dociles
844 2302 1015 2366 imitandis

253 2395 404 2477 turpibus
418 2416 455 2460 ac
470 2398 576 2479 pravis
589 2418 700 2462 omnes
714 2418 838 2475 sumus,
855 2403 890 2462 et
905 2398 1083 2464 Catilinam

254 2510 457 2574 quocumque
471 2493 506 2556 iu
519 2495 641 2577 populo
656 2496 776 2572 videas,
794 2516 1002 2579 quocumque
1016 2497 1079 2559 sub
1092 2514 1166 2570 axe,

254 2587 383 2652 seduco
398 2588 521 2653 Brutus
535 2591 597 2653 erit
612 2591 707 2654 Bruti
722 2612 783 2656 nec
797 2594 981 2657 avunculus
996 2612 1167 2676 umquam.

253 2683 301 2746 nil
315 2684 406 2747 dictu
419 2685 553 2749 foedum
567 2687 704 2769 visuque
716 2688 798 2753 haec
811 2689 928 2752 limina
941 2693 1072 2772 tangat,

253 2777 341 2843 iutra
354 2800 436 2863 quae
449 2785 541 2864 pater
555 2788 626 2862 cst3
646 2785 772 2866 procul,
781 2785 809 2848 'a
821 2787 938 2869 procul
952 2787 1031 2850 inde
1045 2785 1179 2869 puellae
1319 2783 1354 2843 45

253 2875 407 2939 lenonum
421 2881 455 2940 et
469 2883 584 2942 cantus
597 2883 820 2960 pernoctantis
834 2883 981 2964 parasiti.

253 2972 393 3034 maxima
406 2972 543 3036 debatur
556 2993 657 3056 puero
671 2979 863 3054 reverentia,
881 2980 992 3061 siquid
1081 3044 1086 3053 ,

253 3070 349 3148 turpe
363 3087 467 3151 paras,
482 3089 543 3133 nec
556 3074 595 3133 tu
609 3073 702 3153 pueri
717 3076 951 3158 contempseris
965 3095 1082 3153 annos,

253 3163 310 3226 sed
323 3169 495 3254 peccaturo
510 3165 617 3230 obstet
631 3169 690 3231 tibi
706 3171 794 3234 filius
806 3172 928 3236 inians.

253 3276 328 3322 nam
343 3259 450 3342 siquid
464 3262 600 3343 dignum
614 3267 754 3329 censoris
769 3268 886 3333 iecerit
899 3269 950 3332 ira
1322 3265 1357 3327 5⁰

253 2107 414 2172 abstineas
428 2109 530 2190 igitur
544 2109 746 2174 damnandis.
790 2108 890 2172 huius
906 2108 1062 2173 snimael

254 3355 446 3437 quandoque
460 3361 494 3421 et
508 3357 646 3421 similem
660 3361 721 3425 tibi
736 3382 769 3425 se
784 3384 851 3428 non
866 3385 1002 3448 corpore
1021 3370 1160 3432 mutum

254 3467 314 3513 uec
327 3452 421 3513 vultu
436 3454 572 3529 dederit,
589 3473 715 3519 morum
731 3479 860 3542 qnoque
874 3462 963 3526 filius
977 3468 1011 3526 ct
1026 3462 1086 3546 qui

255 3546 362 3608 omnia
377 3547 517 3612 deterius
531 3554 589 3613 tua
602 3571 660 3633 per
673 3556 810 3637 vestigia
823 3563 947 3639 peccet,

255 3641 407 3723 corripies
420 3645 574 3708 nimirum
588 3652 621 3711 ct
635 3651 807 3731 castigabis
823 3656 940 3720 acerbo

255 3736 530 3824 clamoreaopost
544 3742 624 3807 haec
638 3746 765 3811 tabulas
779 3756 908 3816 mutare
922 3755 1083 3836 parabis?
1327 3751 1363 3815 ⁵5
