2909 4284
208 349 252 416 90
576 349 608 398 D.
632 350 728 400 tvm
750 350 940 407 lvvnnsus

207 499 351 579 ltaliam
371 449 497 565 nennio
510 497 612 582 igitur
624 499 779 564 mirabere
792 501 905 582 portus

206 617 287 682 quos
300 601 417 661 natura
429 596 530 661 dedit.
573 597 628 660 sed
642 601 758 660 trunca
770 615 880 679 puppe
894 592 1045 675 magister

206 691 359 758 interiore
372 693 456 777 petit
469 694 606 758 Baianae
620 694 730 778 pervia
742 693 876 757 oumbao

206 790 273 855 tuti
287 795 400 873 stagna
414 791 514 856 sinus.
556 793 698 874 gaudent
711 790 757 854 ibi
770 788 888 855 nostine
901 807 972 852 raso

206 888 335 972 garrula
348 888 450 952 eeouri
465 909 592 952 narrare
605 887 749 971 pericula
761 889 888 950 nautae.

247 983 292 1049 ito
306 984 419 1068 igitur,
435 984 539 1068 pueri,
554 983 676 1066 linguis
688 981 868 1065 animisque
880 981 1025 1045 tarentas

206 1085 355 1164 sertaque
367 1080 508 1146 delubris
521 1084 554 1144 et
567 1080 653 1144 tarra
666 1079 813 1162 inponite
826 1077 941 1142 cultris
1094 1158 1096 1161 Ι

206 1199 243 1242 ao
257 1178 363 1243 mollis
376 1183 486 1242 ornate
499 1178 586 1241 iooos
598 1176 806 1258 glaebamque
818 1173 987 1240 virentem.

207 1275 272 1339 iam
286 1295 400 1358 sequar
412 1278 447 1338 ot
459 1294 556 1349 saoro,
573 1273 659 1356 quod
673 1276 824 1355 praestat,
838 1271 901 1336 rita
914 1272 1044 1355 peraeto

207 1372 284 1436 inde
297 1373 429 1436 domum
443 1375 595 1453 repetam,
611 1369 744 1452 graoiles
757 1369 814 1432 ubi
827 1387 925 1451 parva
939 1384 1071 1432 ooronas

207 1469 372 1552 aoeipiunt
384 1468 492 1550 fragili
505 1467 675 1531 simulacra
687 1465 829 1530 nitentia
840 1483 921 1529 oera

208 1566 261 1630 hio
275 1571 420 1630 nostrum
434 1566 564 1649 plaoabo
578 1565 686 1629 Iovem
701 1563 900 1644 Laribusque
912 1560 1056 1645 paternis

207 1667 281 1727 tura
294 1664 376 1727 dabo
389 1667 485 1744 atque
499 1661 603 1725 omnis
616 1661 716 1725 violae
730 1660 854 1724 iaotabo
867 1659 996 1723 ooloras.
1272 1656 1310 1717 90

207 1764 325 1824 ounota
338 1759 456 1835 ultent,
471 1760 582 1840 longos
595 1759 696 1822 erexit
709 1756 807 1822 ianua
820 1776 925 1820 ramos

207 1865 241 1920 et
254 1855 423 1920 matutinis
436 1859 585 1938 operatur
597 1856 680 1918 testa
692 1854 842 1918 luoernis.

207 1972 267 2016 neo
280 1957 426 2034 suspecta
439 1952 498 2016 tibi
512 1952 578 2015 sint
591 1952 679 2026 hano,
697 1950 846 2014 Corvino.
889 1949 1040 2014 Oatnllus

207 2067 266 2132 pro
280 2048 373 2111 ouius
386 2048 490 2110 reditu
505 2050 556 2111 tot
568 2067 653 2130 pono
666 2046 791 2121 altaria,
807 2065 921 2128 parvos

207 2144 383 2208 treshabet
396 2143 534 2206 heredes.
579 2141 1066 2222 libetexpeotarequieaegram
1274 2139 1314 2202 et

207 2236 241 2295 et
254 2233 456 2300 claudentem
469 2233 577 2296 oeulos
589 2232 740 2314 gallinam
755 2232 912 2314 inpendat
924 2232 1028 2296 amieo

206 2332 274 2393 tam
288 2328 399 2403 sterili,
415 2348 527 2392 uerum
540 2329 618 2392 haeo
630 2329 732 2392 nimia
743 2331 793 2392 est
806 2327 949 2411 inpensa,
965 2327 1116 2394 ooturnix

207 2425 298 2487 nulla
312 2444 465 2506 umquam
478 2444 537 2507 pro
550 2429 640 2506 patre
653 2426 755 2488 oadet
799 2424 917 2488 sentire
929 2424 1067 2490 ualerem

207 2521 234 2584 si
248 2521 353 2602 eoepit
365 2521 506 2604 locuples
521 2521 654 2585 Gallitta
666 2525 700 2585 et
714 2522 829 2585 Penius
842 2521 922 2596 orbi,

206 2616 349 2698 legitime
363 2617 435 2680 fixis
448 2617 583 2680 vestitur
597 2622 664 2681 tota
677 2618 794 2682 libellis

206 2712 359 2796 portione,
376 2713 519 2776 existunt
533 2715 588 2795 qui
602 2715 794 2796 promittant
806 2714 1027 2790 hecatomben,

208 2813 365 2891 quatenns
378 2809 432 2872 hie
445 2829 511 2873 nou
525 2813 602 2873 sunt
615 2831 674 2874 neo
687 2811 813 2875 venales
825 2810 1000 2892 elephanti,

207 2925 266 2968 neo
281 2905 373 2968 Latio
386 2909 444 2967 aut
458 2925 592 2988 nequam
606 2908 666 2970 sub
679 2911 789 2971 nostro
802 2908 903 2972 sidere
916 2906 992 2972 talis

207 3001 302 3064 belua
314 3001 505 3084 coneipitur,
521 3002 576 3065 sed
589 3002 684 3067 turra
697 3009 793 3085 gente
806 3004 909 3086 petita

207 3097 373 3162 arboribus
386 3096 516 3160 Rutulis
528 3102 563 3160 et
576 3099 680 3162 Turni
693 3101 836 3181 pasoitur
848 3120 937 3181 agro,

208 3192 350 3257 Caesaris
362 3197 545 3255 armentum
558 3193 640 3256 nulli
654 3196 770 3261 servire
784 3201 933 3278 paratum

207 3290 344 3372 privato,
361 3287 518 3370 siquidem
533 3288 629 3369 Tyrio
642 3310 752 3373 parere
766 3293 909 3357 solebant

209 3385 384 3448 Hannibali
398 3387 431 3446 et
445 3385 561 3447 nostris
573 3386 709 3452 ducibus
722 3389 853 3470 regique
867 3390 1004 3456 Molosso

208 3481 326 3545 horum
341 3481 473 3543 maiores
485 3501 523 3543 ae
536 3481 628 3545 dorso
641 3484 724 3548 terre
737 3486 887 3562 oohortis‚

209 3579 334 3659 partem
347 3576 488 3658 aliquam
500 3577 624 3658 belli,et
638 3585 768 3644 euntem
782 3583 817 3644 in
831 3583 952 3665 proelia
965 3561 1103 3652 turrem.

210 3672 302 3737 nulla
314 3671 416 3753 igitur
429 3692 517 3736 mora
529 3693 587 3754 per
599 3675 752 3752 Novium,
768 3698 857 3742 mora
869 3681 961 3745 nulla
974 3702 1033 3765 per
1047 3685 1209 3750 Histrum

212 3767 400 3842 Pacuuium,
417 3767 496 3848 quin
509 3769 591 3832 illud
605 3770 683 3832 ebur
696 3773 834 3837 dueatur
846 3777 887 3838 ad
901 3797 971 3841 aras
