2909 4284
518 353 520 378 2
567 323 569 330 ·
593 321 770 370 esuvesx
879 388 882 392 A

131 461 277 547 selanus,
293 471 407 536 deinde
421 491 460 536 ex
473 472 555 536 facie
568 476 637 537 toto
650 474 725 538 orbe
738 473 877 539 secunda

130 573 215 633 fiunt
229 569 348 632 urceoli
361 571 467 652 pelves
480 573 604 652 sartago
617 572 773 636 matellae.

129 691 214 755 pone
228 670 315 735 dorni
327 670 447 744 laurus,
463 669 526 732 duc
540 669 575 733 in
591 670 747 753 Gapitolia
760 691 914 754 magnum

130 773 350 850 cretatumque
363 767 490 830 bovem:
514 767 646 832 Seianus
659 769 791 832 ducitur
804 790 889 834 unco

130 869 332 951 spectandus,
348 868 490 949 gaudent
503 887 621 934 omnes.
669 867 771 950 ‘quae
782 869 881 944 lubra,
898 870 970 951 quis
983 869 1032 934 illi

129 967 240 1030 vultus
253 970 330 1030 eret.
374 985 563 1047 numquam,
580 966 606 1028 si
621 967 697 1048 quid
714 966 794 1030 mihi
809 968 921 1042 credis,
936 968 1040 1032 amari

129 1066 218 1127 hunc
232 1064 404 1127 hominem.
448 1063 503 1126 sed
518 1082 581 1145 quc
594 1064 710 1128 cecidit
723 1066 784 1128 sub
796 1065 955 1128 crimine?
995 1065 1142 1148 quisnam

130 1161 253 1224 delator
267 1161 382 1243 quibus
395 1160 566 1237 indicibus,
583 1181 648 1244 quo
664 1166 744 1226 teste
757 1163 946 1245 probavitl’
1190 1166 1231 1230 '10

130 1257 177 1324 nil
190 1259 323 1336 horum;
344 1259 473 1322 verbosa
486 1262 520 1322 et
533 1259 664 1338 grandis
678 1260 816 1343 epistula
829 1260 918 1324 veuit

129 1356 301 1438 acapreis
349 1355 448 1419 ‘bene
461 1356 569 1431 habet,
586 1356 632 1419 nil
648 1358 721 1440 plus
735 1358 908 1438 interrogo.
950 1358 1006 1421 sed
1020 1357 1099 1439 quid

129 1455 224 1517 turba
239 1453 375 1517 Remii’
418 1453 562 1535 sequitur
575 1455 741 1518 fortunam
755 1458 794 1517 ut
807 1474 931 1536 semper
944 1453 1059 1518 et'odit

129 1551 305 1614 damnatos.
349 1549 436 1613 idem
450 1551 599 1632 populus,
616 1551 642 1613 si
657 1552 773 1614 Nortia
787 1552 892 1613 Tusco

129 1647 270 1723 lavisset,
286 1647 312 1710 si
326 1667 473 1730 oppressa
487 1648 572 1711 foret
585 1669 694 1712 secura
707 1652 852 1711 senectus

127 1745 293 1829 principie,
310 1744 370 1808 hac
384 1745 453 1828 ipsc
467 1745 618 1809 Seianum
633 1747 752 1810 diceret
765 1747 844 1810 hora

128 1845 325 1926 Augustum.
369 1842 433 1906 ium
448 1843 583 1924 pridem,
600 1865 639 1907 ex
653 1863 717 1926 quo
731 1844 884 1924 suffragia
897 1843 981 1908 nulli
1031 1869 1035 1873 ’

127 1942 307 2016 vendimus,
324 1942 441 2004 effudit
454 1962 559 2018 curas3
581 1961 656 2005 nam
671 1942 727 2025 qui
743 1943 839 2005 dabat
852 1942 930 2004 clim

127 2039 300 2120 imperium
314 2039 413 2101 fasces
426 2038 567 2119 legiones
581 2038 699 2113 omnia,
715 2058 804 2101 nunc
818 2058 850 2101 se

126 2137 273 2200 continet
285 2139 381 2218 atque
396 2136 475 2199 duas
488 2139 617 2198 tentum
631 2156 680 2199 res
694 2135 809 2199 anxius
822 2139 924 2219 optet,

124 2254 243 2317 penem
257 2237 290 2297 ct
303 2233 467 2296 circenses.
512 2233 690 2316 ‘perituros
702 2233 799 2297 audio
812 2233 957 2296 multos'

125 2332 171 2394 nil
187 2331 336 2405 dubium,
351 2351 468 2412 magna
482 2333 529 2393 est
542 2331 718 2394 fornacula.
765 2330 960 2413 ‘pallidulus
972 2329 1019 2394 mi

125 2429 311 2492 Bruttidius
324 2449 415 2491 meus
428 2428 468 2491 ad
483 2427 596 2490 Martis
610 2429 676 2492 fuit
689 2429 801 2492 obvius
815 2448 917 2506 cram;

125 2547 223 2610 quam
237 2527 346 2601 timeo,
362 2525 466 2589 victus
479 2545 521 2588 ne
534 2545 650 2608 poenus
663 2527 771 2608 exiget
785 2526 868 2588 Aiax

125 2627 163 2686 ut
176 2615 260 2687 malo
274 2625 432 2687 defensus.
476 2642 641 2686 curramus
654 2623 843 2705 praecipites
855 2627 888 2686 et

125 2721 205 2784 dum
219 2721 302 2784 iacet
315 2721 350 2784 in
364 2721 445 2803 ripa,
461 2720 614 2784 calcemus
630 2721 772 2783 Caesaris
784 2721 919 2783 hostem.

125 2820 179 2882 sed
193 2819 325 2881 videant
338 2818 430 2893 servi,
447 2838 487 2880 ne
501 2817 573 2901 quis
586 2823 682 2900 neget
696 2822 729 2882 et
743 2818 895 2901 pavidum
910 2818 945 2880 in
959 2819 1011 2882 ius

124 2916 246 2980 cervice
259 2915 410 2980 obstricta
424 2915 591 2979 dominum
607 2916 739 2979 trahat’
781 2916 816 2978 hi
830 2935 989 2978 sermones

126 3018 205 3077 tuuc
219 3015 259 3077 de
274 3014 397 3089 Seiano,
413 3017 531 3077 secreta
543 3013 622 3077 haec
635 3034 802 3077 murmura
815 3013 913 3095 vulgi.

124 3112 213 3176 visne
227 3112 357 3174 salutari
372 3112 455 3175 sicut
469 3110 612 3185 Seianus,
628 3111 745 3174 habere

124 3210 316 3272 tantundem
331 3214 427 3291 atque
440 3208 489 3271 illi
503 3228 642 3271 summas
656 3210 774 3272 donare
787 3209 925 3285 curules,
1053 3281 1066 3294 ι,

123 3307 217 3370 illurn
232 3307 423 3370 exercitibus
435 3325 638 3389 praeponere,
657 3309 746 3369 tutor
759 3307 868 3370 haberi

122 3404 279 3488 principis
292 3408 428 3487 augusta
442 3403 634 3486 Caprearum
648 3404 682 3466 iu
697 3425 778 3486 rupe
791 3405 930 3468 sedentis

123 3524 198 3566 cum
212 3524 307 3585 grege
322 3502 505 3566 Chaldaeo?
545 3501 593 3564 ris
607 3508 691 3564 certe
705 3502 772 3583 pila
785 3501 930 3566 cohortes

122 3602 266 3683 egregios
279 3599 401 3681 equites
414 3602 447 3663 et
461 3603 562 3662 castra
576 3600 761 3662 domestica:
785 3599 898 3680 quidni

122 3697 201 3764 haec
214 3698 350 3781 cupias?
389 3700 422 3761 et
436 3697 492 3778 qui
507 3697 623 3759 nolunt
637 3697 778 3760 occidere
792 3717 996 3778 quemquam,

123 3815 213 3879 posse
227 3795 352 3861 volunt.
395 3795 451 3858 sed
466 3813 546 3877 quae
559 3794 719 3877 praeclara
732 3797 765 3857 ct
779 3813 926 3877 prospero
941 3794 1035 3873 tanti,
