2909 4284
221 329 244 400 6
584 343 617 395 n.
642 344 742 394 rvurr
764 345 958 395 ruvuusnrs

222 513 353 561 maurus
366 495 445 560 licet
459 493 592 560 Aenean
607 496 834 580 Rutulumque
847 498 990 562 ferocem

222 593 417 670 committas,
433 593 518 656 nulli
531 593 638 675 gravis
652 598 701 657 est
715 613 887 676 percussus
901 594 1046 658 Achilles

221 695 280 754 aut
293 691 436 754 multum
451 691 616 774 quaesitus
631 690 735 772 Hyles
749 709 930 773 urnamque
944 695 1076 755 secutus
1089 709 1099 757 s

222 808 297 851 ense
310 789 401 852 velut
416 788 530 852 stricto
545 787 697 871 quotiens
711 787 860 851 Lucilius
873 788 990 852 ardens
1262 791 1325 854 los

221 885 404 964 infremuit,
420 886 516 949 rubet
530 885 662 949 auditor
676 885 730 948 cui
744 885 869 967 frigida
881 905 973 951 mens
987 889 1039 950 eut

222 983 422 1060 criminibus,
438 983 540 1047 tacite
553 983 674 1047 sudant
687 983 876 1065 praecordia
889 982 996 1065 culpa.

220 1079 297 1144 inde
310 1081 377 1144 irae
391 1085 425 1144 et
437 1080 599 1145 lacrimae.
643 1084 754 1144 tecum
768 1080 861 1163 prius
874 1100 952 1162 ergo
966 1081 1080 1146 uoluta

221 1177 301 1242 haec
314 1177 423 1242 animo
437 1187 514 1241 ante
530 1177 647 1257 tubes;
666 1178 834 1260 galeatum
847 1197 918 1242 sero
932 1177 1035 1242 duelli

220 1274 391 1357 paenitet!
432 1275 578 1358 experiar
593 1275 673 1357 quid
688 1274 937 1340 concedaturin
950 1275 1025 1340 illos
1263 1275 1325 1342 1¹10

221 1391 361 1456 quorum
375 1370 536 1436 Flaminia
549 1371 674 1454 tegitur
687 1371 770 1438 cinis
784 1376 882 1456 atque
897 1371 1026 1438 muna

672 1615 823 1672 SATVRA
840 1613 870 1670 11

221 1763 318 1828 Vltrs
332 1763 539 1828 Sauromatas
552 1763 668 1845 lugere
682 1763 759 1827 hinc
773 1763 855 1826 libet
870 1767 904 1828 et
917 1762 1087 1845 glacialem

223 1860 400 1938 Oceanum,
417 1861 567 1945 quotiens
582 1861 707 1944 aliquid
720 1860 761 1924 de
775 1859 920 1924 moribus
933 1862 1057 1925 cudent

222 1959 279 2043 qui
294 1958 410 2023 Ourios
423 1958 579 2022 simulant
593 1962 627 2021 et
641 1957 857 2022 Bacchanalia
871 1957 996 2023 vivunt.

221 2056 347 2121 indocti
361 2054 513 2138 primum,
530 2075 726 2139 quamquam
740 2055 837 2137 plena
850 2055 960 2121 omniu
973 2075 1075 2139 gypso

223 2152 396 2237 chrysippi
410 2153 555 2217 invenias
568 2174 579 2232 ;
599 2172 676 2216 nam
689 2153 946 2236 perfectissimus
959 2154 1089 2231 horum,
1307 2155 1328 2218 δ

222 2252 250 2316 si
265 2251 337 2335 quis
352 2249 553 2314 Aristotelen
567 2251 706 2314 similem
721 2251 772 2314 vel
788 2251 940 2316 Pittooon
955 2251 1035 2314 emit

222 2353 257 2413 et
270 2349 362 2413 iubet
375 2349 569 2431 archetypos
583 2348 735 2431 pluteum
749 2368 875 2412 servare
890 2349 1076 2413 Cleanthas.

222 2446 342 2510 frontis
356 2447 446 2510 nulle
460 2447 539 2510 fides
554 2467 564 2525 3
585 2445 658 2529 quis
673 2446 762 2510 enim
774 2466 842 2510 non
856 2446 948 2510 ricus
962 2446 1109 2511 abundat

222 2543 372 2607 tristibus
387 2543 552 2606 obscaenis
568 2543 583 2607 i
623 2531 763 2624 castigas
777 2542 899 2627 turpia,
915 2563 992 2607 cnm
1006 2543 1049 2606 sis

222 2641 310 2705 inter
325 2641 505 2706 Socraticos
519 2640 689 2704 notissima
703 2641 790 2704 fossa
804 2639 983 2705 cinaedos?
1288 2642 1329 2704 10

222 2739 351 2821 hispide
364 2739 510 2801 membra
523 2737 656 2821 quidem
670 2741 704 2799 et
718 2736 819 2800 durae
833 2755 892 2818 per
905 2737 1056 2803 bracchia
1069 2740 1176 2802 saetae

223 2837 424 2918 promittunt
437 2839 580 2898 atrocem
594 2834 752 2909 animum,
769 2834 826 2897 sed
839 2834 955 2916 podice
968 2834 1033 2898 leui

223 2933 405 2995 caeduntur
419 2932 564 2995 tumidce
579 2931 706 2994 medico
719 2931 848 2993 ridente
862 2931 1026 2996 mariscae.

223 3048 316 3093 rarus
329 3049 433 3092 sermo
447 3029 513 3092 illis
527 3033 561 3092 et
575 3048 694 3110 magna
706 3027 809 3091 libido
822 3028 953 3092 tacendi

223 3135 323 3208 atque
336 3125 508 3208 supercilio
522 3127 649 3190 brevior
663 3145 765 3189 coma.
809 3125 917 3189 uerius
931 3145 1007 3208 ergo

225 3227 259 3286 et
272 3221 374 3306 magis
388 3223 530 3305 ingenue
545 3222 747 3286 Peribomius
759 3244 768 3301 ;
788 3222 877 3286 hune
892 3243 952 3305 ego
966 3222 1044 3286 latis

225 3321 353 3404 inputo,
370 3320 427 3403 qui
442 3321 538 3384 uultu
552 3322 703 3383 morbum
718 3320 910 3403 incessuque
924 3321 1059 3385 latetur.

225 3416 343 3482 horum
358 3417 550 3500 simplicitas
565 3417 767 3493 miserabilis,
783 3417 835 3480 his
849 3418 942 3482 furor
955 3418 1025 3501 ipse

226 3515 283 3577 dat
297 3515 426 3578 ueniam
439 3536 448 3594 3
470 3516 527 3578 sed
540 3515 676 3598 peiores,
692 3515 751 3598 qui
766 3515 845 3578 tulis
856 3515 963 3578 'verbis

226 3611 378 3676 Herculis
393 3612 554 3677 invadunt
569 3616 603 3676 et
617 3613 657 3676 de
671 3613 796 3676 virtute
809 3611 912 3676 locuti
1290 3614 1335 3678 20

226 3709 357 3774 clunem
370 3709 510 3792 agitent.
556 3715 636 3792 ‘ego
651 3712 684 3772 te
699 3712 879 3784 ceuentem,
896 3709 1004 3787 Sexte,
1019 3708 1154 3789 uerebor
1165 3705 1200 3773 Ρ

226 3804 359 3872 intumis
375 3806 519 3873 Varillus
533 3806 581 3872 cit
597 3813 681 3892 ‘quo
696 3805 838 3871 deterior
851 3806 915 3871 tel
