2909 4284
216 306 260 396 36
586 321 621 372 n.
646 321 745 373 rem
764 320 956 374 marma

214 471 345 538 labente
360 472 465 540 officio
480 473 590 540 orodis
604 473 767 550 donanda,
783 493 844 538 neo
857 471 942 538 illud

216 572 303 655 quod
317 570 424 655 prima
436 592 496 657 pro
510 577 607 637 nocte
620 573 731 648 datur,
748 590 825 635 eum
837 571 931 635 lance
945 569 1040 634 beata

215 669 357 733 Dacicus
370 675 405 734 et
419 669 540 753 cripte
554 668 661 734 radiat
676 668 889 733 Germanicus
902 685 992 734 auro.
1257 661 1323 724 206

215 765 242 828 ai
256 766 317 830 tibi
331 766 522 850 simplicitas
536 765 661 841 uxoria,
678 765 810 830 deditus
828 765 887 828 nni

215 867 264 926 est
278 863 417 940 animus,
434 863 603 928 summitte
617 868 717 946 caput
731 861 855 926 cervice
869 863 983 946 parata

214 959 300 1024 terre
314 959 438 1044 iugum
480 960 605 1024 uussam
618 959 765 1024 invenies
781 979 864 1044 quae
878 961 992 1042 parcat
1005 952 1131 1020 amanti
1146 969 1158 1031 3

214 1057 327 1121 ardeat
340 1057 411 1141 ipsa
422 1058 511 1134 licet,
527 1056 701 1122 tormentis
715 1056 838 1140 gaudet
852 1054 994 1120 amantis

215 1159 249 1218 et
263 1155 373 1239 spoliis
385 1175 395 1236 3
415 1154 519 1238 igitur
531 1155 629 1239 longe
642 1154 752 1218 minus
766 1153 859 1218 utilia
873 1152 922 1217 illi

215 1270 307 1328 uxor,
324 1252 470 1337 quisquis
485 1252 548 1317 erit
561 1253 666 1316 bonus
680 1252 909 1336 optandusque
922 1249 1070 1314 maritus.

215 1348 263 1412 nil
278 1368 432 1433 umquam
445 1348 550 1414 invita
564 1349 700 1414 donabis
714 1349 866 1431 coniuge,
882 1348 1003 1413 vendes

214 1445 277 1510 heo
290 1451 441 1529 opstante
454 1447 549 1523 nihil,
565 1445 650 1510 nihil
663 1447 745 1510 haec
758 1447 786 1510 ai
800 1447 891 1510 nolet
904 1448 1042 1509 emetur.

215 1539 296 1607 haec
308 1541 401 1607 dabit
413 1544 562 1619 aflectus,
581 1543 656 1606 ‘ille
671 1541 884 1607 excludatur'
898 1540 1023 1605 amicus

216 1638 413 1718 iamaenier,
430 1641 523 1706 cuius
538 1641 670 1705 barbam
685 1639 856 1705 tuaianua
869 1638 965 1704 vidit.
1263 1633 1328 1696 215

216 1737 359 1802 metandi
373 1757 449 1802 cnm
463 1737 506 1802 sit
519 1737 692 1802 lenonibus
705 1742 805 1820 atque
818 1736 947 1801 lanistis

216 1831 349 1899 libertas
364 1839 397 1899 et
412 1835 492 1900 iuris
507 1835 595 1898 idem
609 1835 782 1917 contingat
795 1833 945 1910 harenae,

217 1948 283 1994 non
297 1950 382 1996 nnus
396 1932 457 1996 tibi
471 1931 581 1996 rivalis
592 1931 773 1995 dictabitur
786 1931 889 1998 heres.

219 2031 232 2063 ‘
240 2046 325 2110 pone
339 2047 468 2092 crucem
481 2026 597 2094 servo!
640 2028 781 2092 ‘meruit
792 2048 857 2112 quo
871 2026 1009 2092 crimine
1023 2043 1139 2091 servm

217 2122 444 2206 supplicium?
475 2125 549 2208 quis
562 2124 656 2190 testis
669 2124 789 2190 adeat?
819 2123 892 2208 quis
907 2122 1056 2187 detulit?
1090 2119 1170 2186 endi
1184 2138 1198 2200 ς
1266 2120 1330 2184 220

217 2215 1196 2304 nullaumquamdemortehominiseunctatiolongaeet’
1445 2230 1446 2309 l

220 2318 261 2378 ‘o
275 2315 417 2392 demens,
433 2317 480 2380 ita
494 2337 604 2381 servus
617 2318 715 2382 homo
730 2323 780 2382 est
795 2319 811 2382 l
843 2318 892 2381 nil
906 2317 1035 2394 iecerit,
1052 2320 1147 2381 ester

218 2408 280 2474 hoo
293 2411 377 2488 volo,
394 2411 440 2476 sio
453 2412 561 2490 iubeo,
577 2414 621 2477 eit
634 2434 694 2497 pro
708 2415 835 2480 ratione
849 2414 1029 2479 roluntas'

219 2504 357 2589 imperat
370 2527 447 2591 ergo
459 2509 539 2574 viro.
583 2511 640 2575 sed
654 2531 731 2575 mox
743 2511 824 2576 haec
837 2531 940 2595 regna
952 2508 1113 2596 relinquit

218 2607 447 2687 permutatque
461 2605 572 2670 domos
586 2610 620 2670 et
634 2608 782 2671 flammea
796 2609 949 2685 conterit,
959 2607 1038 2671 inde
1269 2606 1334 2670 225
1443 2650 1444 2655 η

219 2699 326 2763 avolat
340 2704 375 2764 et
386 2702 487 2784 spreti
502 2703 623 2785 repetit
637 2703 776 2786 vestigia
789 2704 865 2768 lecti
881 2724 891 2783 ς

219 2799 349 2859 ornatas
361 2798 459 2878 paulo
472 2803 549 2861 ante
563 2797 660 2875 iores,
676 2800 855 2882 pendentia
867 2800 993 2884 linquit

219 2890 291 2954 vela
304 2891 418 2956 domus
432 2897 466 2956 et
479 2893 586 2958 mhuc
601 2895 719 2960 virides
733 2896 769 2960 in
783 2896 896 2961 limine
907 2916 1024 2962 ramos.

220 2984 267 3051 sic
281 2987 396 3051 crescit
410 3008 577 3066 numerus,
594 2991 641 3054 sic
656 2993 742 3055 fiunt
756 2997 831 3056 octo
846 2993 958 3057 mariti
1441 3036 1442 3071 f

221 3081 363 3165 quinque
377 3101 434 3166 per
447 3090 633 3162 autumnos,
650 3087 814 3153 tituloree
829 3089 930 3171 digna
943 3085 1097 3173 aepulari.
1268 3089 1337 3152 880
1441 3092 1442 3115 ³

261 3177 458 3261 desperanda
469 3181 532 3245 tibi
545 3183 633 3246 salva
644 3184 818 3249 concordia
832 3206 937 3251 eooru.

221 3271 278 3336 illa
290 3275 386 3339 docet
399 3277 509 3360 spoliis
523 3278 605 3343 nudi
620 3281 762 3362 gaudere
777 3282 899 3359 mariti,

221 3367 277 3431 illa
291 3370 386 3434 docet
399 3372 504 3437 missis
518 3396 538 3438 a
551 3382 741 3459 corruptore
757 3379 886 3443 tabellis

222 3465 269 3528 nil
282 3467 363 3529 rude
376 3488 436 3531 neo
447 3469 583 3553 simplex
597 3473 782 3551 rescribere,
800 3475 925 3559 decipit
938 3475 997 3541 illa

223 3564 371 3626 custodes
386 3569 443 3627 out
457 3585 529 3629 aere
542 3567 663 3632 domat.
708 3575 790 3635 tunc
804 3591 938 3654 corpore
952 3592 1033 3638 sano

223 3657 358 3721 advocat
374 3659 578 3743 Archigenen
593 3684 790 3748 onerosaque
807 3669 906 3751 pallia
920 3668 1035 3734 iactat.

223 3753 352 3818 abditus
366 3754 490 3820 interea
502 3757 585 3822 latet
597 3766 631 3823 et
644 3768 788 3827 secretus
801 3765 944 3844 adulter,
