2909 4284
583 332 716 381 ssrvrs
739 333 784 382 111
1191 337 1229 405 17

128 489 168 550 tu
182 486 311 566 nescis3
332 504 408 550 nam
421 483 449 550 si
463 485 617 569 gradibus
631 485 817 568 trepidatur
830 485 870 551 ab
883 485 970 563 imis,
1169 489 1230 549 200

130 583 269 646 ultimus
283 581 410 646 ardebit
423 601 520 665 quem
534 582 646 664 tegula
659 584 728 646 sola
741 587 856 647 tuetur

129 701 149 742 a
162 679 285 762 pluvia,
302 680 416 743 molles
430 678 487 742 ubi
501 680 645 742 reddunt
659 700 720 744 ova
734 681 912 746 columbae.

129 776 235 840 1000οι
250 782 321 840 erat
336 776 442 840 Godro
456 775 594 839 Procula
608 777 725 854 minor,
742 778 865 842 urceoli
877 798 932 843 sex

129 878 361 938 ornamentum
374 873 465 937 abaci
479 892 538 938 neo
551 894 618 937 non
632 878 666 938 00
681 876 836 958 parvulus
849 875 938 940 infra

130 972 318 1047 cantharus,
335 975 368 1034 00
382 971 539 1035 recubans
553 972 614 1035 sub
627 973 741 1036 eodem
755 993 915 1037 marmore
928 973 1040 1050 Ohiro,
1170 976 1230 1036 200

129 1069 258 1153 iamque
273 1073 368 1133 vetus
383 1068 521 1132 Graecos
535 1071 683 1135 servabat
698 1071 780 1134 cista
792 1070 929 1145 libellos,

130 1169 163 1229 00
177 1167 290 1230 divina
304 1165 390 1249 opici
404 1165 562 1228 rodebant
577 1167 720 1230 carmina
735 1187 853 1232 mures.

130 1261 177 1326 nii
191 1262 309 1326 habuit
324 1263 460 1339 Codrus,
477 1263 550 1346 quis
564 1265 652 1327 enim
665 1269 766 1347 negat
779 1263 795 1329 1
813 1269 848 1329 00
861 1270 972 1330 tamen
985 1265 1070 1328 illud

129 1360 275 1443 perdidit
289 1360 405 1424 infelix
418 1365 527 1424 totum
541 1361 635 1425 nihil.
681 1363 819 1426 ultimus
832 1367 942 1428 autem

129 1476 304 1521 aerumnae
318 1461 368 1522 000
382 1457 543 1534 cumulus,
560 1459 648 1542 quod
662 1460 789 1523 nudum
802 1460 956 1524 00100000
969 1464 1138 1542 rogantem
1171 1461 1232 1522 210

129 1571 226 1618 nemo
241 1555 325 1632 cibo,
341 1575 438 1620 nemo
451 1555 594 1639 hospitio
608 1560 763 1640 tectoque
776 1556 911 1622 iuvabit.

130 1651 157 1715 si
172 1671 293 1735 magna
306 1646 452 1717 Asturici
467 1653 585 1718 cecidit
599 1654 727 1731 domus,
744 1654 877 1718 horrida
894 1657 1010 1731 mater,

129 1749 250 1831 pullati
264 1769 423 1833 proceres,
440 1750 553 1814 differt
567 1751 753 1815 vadimonia
766 1755 906 1834 praetor.

129 1850 205 1910 tum
218 1846 379 1929 gemimus
393 1866 486 1911 00000
500 1847 600 1925 urbis,
617 1851 698 1912 tnnc
712 1849 842 1912 odimus
855 1849 976 1931 ignem.

128 1944 225 2008 ardet
239 1944 357 2021 adhuc,
374 1949 408 2009 et
421 1945 486 2008 iam
500 1945 643 2009 accurrit
657 1946 714 2029 qui
728 1965 889 2011 marmora
902 1947 1014 2022 donet,
1172 1945 1232 2008 210

128 2042 280 2108 conferat
294 2043 445 2127 inpensas
457 2064 467 2123 ;
487 2044 541 2108 bio
556 2045 645 2108 nuda
659 2049 693 2108 00
706 2044 845 2109 eandida
858 2045 961 2128 signa,

128 2140 187 2204 hie
200 2140 325 2224 aliquid
338 2143 542 2224 praeclarum
555 2143 781 2225 Euphranoris
794 2146 828 2205 00
843 2142 1005 2225 Polycliti,

128 2237 212 2301 haec
226 2238 421 2302 Asianorum
435 2244 545 2303 vetera
559 2245 750 2303 omamonta
763 2241 910 2313 deorum,

128 2334 186 2398 hic
199 2335 299 2398 libros
314 2335 405 2398 dabit
419 2336 591 2399 0010001οο
605 2336 809 2419 mediamque
824 2336 1016 2412 Minervam,

127 2429 186 2495 hic
200 2429 346 2494 modium
360 2431 497 2511 argenti.
541 2431 836 2514 melioraaoplura
848 2431 978 2514 reponit
1171 2435 1234 2496 220

129 2527 280 2594 Persicus
294 2529 445 2592 orborum
460 2527 660 2591 lautissimus
675 2531 708 2590 et
722 2527 840 2591 merito
853 2525 916 2591 iam

128 2628 312 2707 suspectus,
329 2627 496 2706 tamqnam
510 2623 579 2705 ipso
593 2643 667 2686 suas
681 2621 865 2686 incenderit
878 2622 983 2688 aedes.

129 2724 158 2787 si
174 2726 267 2805 potes
279 2721 377 2784 avelli
391 2720 600 2796 circensibus,
616 2719 741 2802 optima
755 2720 852 2784 Sorae

129 2825 192 2884 aut
205 2818 411 2882 Fabrateriae
424 2818 541 2882 domus
554 2822 613 2880 aut
627 2817 810 2880 Frusinone
822 2822 968 2900 paratur,

129 2915 249 3000 quanti
263 2935 351 2979 0000
365 2915 515 2979 tenebras
529 2934 633 2979 unum
647 2914 803 2978 conducis
817 2913 852 2977 in
866 2935 999 2979 annum.
1176 2914 1236 2977 220

129 3013 285 3078 hortulus
297 3012 352 3077 hic
366 3016 550 3097 puteusque
564 3011 670 3076 brevis
684 3031 745 3076 nec
759 3015 844 3075 reste
857 3012 1038 3076 movendus

129 3113 168 3177 in
183 3111 292 3175 tenuis
305 3111 433 3193 plantas
446 3109 536 3173 facili
551 3109 751 3172 diffunditur
763 3108 895 3172 haustu.

130 3210 206 3274 vive
220 3208 362 3271 bidentis
374 3227 486 3271 amans
500 3211 534 3270 00
548 3206 630 3270 001οἰ
645 3206 762 3270 vilicus
775 3205 875 3282 horti,

130 3307 221 3371 unde
235 3304 368 3387 epulum
381 3303 484 3387 possis
498 3308 631 3368 centum
645 3304 722 3368 dare
737 3304 959 3386 Pythagoreis

130 3407 184 3469 000
196 3402 332 3485 aliquid,
348 3421 553 3484 quocumque
565 3401 648 3478 loco,
664 3421 871 3485 quocumque
884 3421 1011 3465 recessu
1174 3402 1233 3462 230

129 3501 232 3566 unius
245 3519 314 3564 sese
327 3499 497 3563 dominum
509 3499 624 3563 fecisse
637 3499 788 3563 lacertae

173 3597 335 3683 plurimus
348 3597 403 3661 hio
416 3617 511 3680 aeger
523 3596 664 3660 moritur
677 3596 854 3678 vigilando,
870 3597 927 3661 sed
941 3597 1049 3680 ipsum

128 3698 324 3780 languorem
337 3695 465 3778 peperit
480 3694 572 3759 cibus
585 3694 787 3777 inperfectus
801 3696 835 3757 00
847 3693 984 3757 haerens

130 3792 261 3859 ardenti
274 3792 443 3856 stomacho
457 3812 467 3872 ;
486 3811 563 3856 nam
577 3809 659 3872 quae
673 3789 839 3855 meritoria
851 3809 1003 3854 somnum
