2909 4284
578 310 711 360 SATVBA
733 313 781 363 XV

126 463 275 530 subsidiis
287 465 386 544 aneti,
401 485 475 552 pars
486 465 587 534 altera
598 489 744 553 promere
757 471 880 537 terrum

126 563 223 626 audet
235 566 270 626 et
281 561 409 629 infestis
421 583 565 648 pugnam
578 564 756 632 instaurare
769 567 903 652 sagittis.

125 664 216 742 terga
226 661 326 745 fugae
338 661 433 727 celeri
446 668 609 747 praestant
622 664 818 730 instantibus
832 666 943 730 Ombis
1186 673 1225 740 ฯ

127 758 182 840 qni
196 759 302 824 vieina
314 762 427 824 eolnnt
440 761 605 826 umbrosae
619 763 761 845 Tentyra
774 765 909 846 morse.

126 854 245 918 labitur
258 856 312 919 hio
326 856 458 938 quidam
470 857 571 921 nimia
584 859 758 922 formidine
771 881 899 924 eursum

126 950 339 1035 praeeipitans
351 953 551 1036 capiturque.
595 958 646 1018 ast
659 955 753 1018 illum
766 955 802 1019 in
816 958 871 1041 pin
876 959 956 1023 rima
969 965 1090 1025 seetum

123 1055 232 1114 urusta
244 1054 280 1114 et
292 1052 480 1134 particulas,
496 1056 536 1117 nt
549 1052 662 1118 multis
676 1056 826 1117 mortuus
839 1069 925 1119 unus

123 1147 294 1223 sufficeret,
310 1149 417 1210 totum
430 1146 563 1211 eorrosis
575 1146 698 1211 ossibus
709 1145 778 1210 edit

123 1242 240 1306 viatrix
254 1244 360 1321 turbo,
375 1263 435 1308 neo
447 1242 574 1308 ardenti
586 1242 716 1307 decoxit
730 1263 809 1308 aeno

123 1344 182 1404 ant
193 1342 331 1418 veribus,
346 1341 481 1424 longum
494 1341 687 1424 usqueadeo
700 1341 893 1424 tardumque
907 1340 1035 1425 putavit

41 1433 45 1447 '
123 1442 291 1521 expectare
304 1439 403 1516 iosos,
418 1443 569 1504 contenta
582 1439 734 1503 eadarere
748 1439 857 1502 erndo.

122 1536 177 1600 hio
189 1538 329 1620 gaudere
342 1537 422 1601 libet
435 1537 521 1619 quod
534 1557 600 1600 non
614 1535 780 1600 violaverit
793 1533 803 1598 i
806 1557 912 1618 gnem,

123 1635 752 1718 quemeummaeaeliraptnmdeparte
766 1632 975 1697 Prometheus
1183 1639 1223 1699 85

122 1733 257 1796 donavit
270 1731 378 1811 terris3
399 1733 556 1796 elemento
569 1732 724 1814 gratulor,
741 1734 774 1795 et
787 1734 820 1794 te

121 1830 268 1895 exultare
280 1851 363 1895 reor.
406 1830 460 1894 sed
475 1829 531 1913 qni
544 1830 689 1893 mordere
703 1829 836 1893 cadaver

122 1928 289 2005 sustinuit,
305 1928 354 1991 nil
367 1948 520 2011 umquam
534 1925 595 1991 hae
608 1946 702 1991 earne
716 1925 869 1992 libentius
881 1926 964 2008 sdit3

121 2045 199 2090 nam
213 2027 330 2090 soelere
342 2025 377 2089 in
390 2029 483 2089 tanto
496 2045 538 2090 ne
551 2044 682 2107 quaeras
695 2027 728 2088 et
741 2024 870 2088 dubites
882 2044 925 2088 an

121 2125 229 2210 prima
241 2125 438 2205 uoluptatem
453 2123 529 2205 gula
543 2122 689 2201 senserit3
711 2121 847 2185 ultimus
860 2127 969 2187 autem
1184 2127 1224 2187 90

123 2223 180 2306 qui
193 2221 295 2298 stetit,
311 2223 479 2304 absumpto
492 2219 556 2283 iam
570 2223 638 2284 toto
652 2239 793 2302 eorpore,
810 2218 916 2284 sinetis

121 2340 180 2403 per
193 2323 312 2383 terram
326 2318 436 2400 digitis
449 2315 570 2399 aliquid
585 2318 625 2380 de
640 2315 795 2398 sangnine
809 2321 927 2398 gustat.

122 2414 296 2488 Vascones,
311 2411 389 2476 haee
402 2412 489 2475 fama
502 2414 560 2487 est,
576 2410 738 2474 alimentis
751 2411 870 2473 talibus
882 2409 961 2474 oiim

121 2512 302 2594 produxere
314 2508 446 2573 animas.
490 2508 544 2572 sed
558 2529 607 2572 res
621 2508 755 2583 diversa,
771 2507 826 2571 sed
840 2507 908 2570 illio

121 2610 273 2673 iortnnae
288 2605 409 2669 invidia
421 2609 470 2669 est
482 2606 701 2687 bellorumque
714 2605 842 2680 ultima,
859 2624 948 2669 ossus
1185 2611 1225 2673 ao

120 2704 270 2782 extremi,
286 2705 399 2787 longae
412 2704 483 2767 dira
494 2703 667 2767 obsidionis
681 2707 814 2784 egestas.
1091 2689 1093 2694 ยน

120 2803 222 2868 huius
234 2801 332 2879 enim,
349 2800 433 2884 quod
447 2820 536 2865 nuno
549 2799 668 2883 agitur,
685 2799 863 2864 miserabile
877 2801 971 2865 debet

120 2901 307 2985 exemplum
320 2919 386 2963 esse
399 2897 472 2975 eibi,
489 2897 573 2962 sient
587 2899 682 2961 modo
695 2895 783 2960 diota
797 2896 878 2961 mihi
892 2917 969 2979 gens

119 3001 197 3083 post
210 2995 314 3061 omnis
326 2995 450 3071 herbas,
465 2999 538 3078 post
551 2998 668 3058 ennete
681 2993 842 3071 animalia,
860 2992 1017 3076 quidquid

119 3097 256 3178 cogebat
269 3092 361 3157 vanui
375 3093 494 3158 uentris
507 3094 609 3169 iuror,
625 3091 771 3156 hostibus
784 3092 862 3174 ipsis
1166 3097 1224 3157 100

118 3194 279 3278 pallorem
291 3211 329 3255 ao
341 3191 476 3255 maoiem
489 3195 523 3254 et
535 3191 642 3255 tennis
655 3190 880 3254 miserantibus
893 3195 993 3266 artus,

119 3291 267 3355 membra
280 3290 383 3352 aliena
395 3290 481 3353 fame
493 3288 684 3363 lacerabant,
701 3307 768 3352 esse
782 3288 885 3370 parati

119 3392 155 3454 et
170 3409 237 3452 sua
282 3388 429 3470 quisnam
442 3387 612 3450 hominnm
625 3384 752 3451 renim
765 3385 841 3450 dare
855 3384 965 3467 quisve
978 3383 1109 3449 deorum

119 3486 258 3552 urbibus
271 3487 426 3549 abnueret
438 3485 508 3550 dira
521 3487 616 3567 atque
630 3483 773 3548 inmania
785 3483 885 3566 passis

118 3588 156 3649 et
171 3584 289 3667 quibus
302 3583 432 3647 illorum
444 3586 594 3666 poterant
606 3581 767 3664 ignoscere
781 3601 900 3657 manes,
1165 3582 1224 3644 105

121 3702 264 3766 quornm
277 3681 463 3764 semoribus
475 3680 706 3745 uescebantur?
748 3680 862 3742 melius
875 3699 933 3742 nos

120 3779 260 3845 Zenonis
273 3781 442 3862 praeeepta
454 3781 598 3856 monent,
614 3797 673 3841 nee
686 3778 772 3840 enim
788 3775 895 3840 omnia
909 3775 1040 3857 quidam
