2909 4284
596 311 730 364 aarum
751 312 776 362 x
1190 308 1235 382 79

131 468 252 535 ieetino
264 467 306 533 ad
319 470 443 534 nostroe
457 469 491 531 et
503 485 609 549 regem
623 469 750 530 tramae
763 461 860 529 Ponti

131 568 166 627 at
180 563 344 639 Orueeum,
360 581 457 645 quem
470 581 531 625 vox
544 560 621 624 iuati
634 559 776 624 meunda
789 556 916 624 Selenia

131 659 467 744 mapieeraadlougae
480 658 573 724 iueeit
586 658 689 742 spatia
702 657 819 721 ultima
831 655 925 722 vitae.
1171 655 1234 722 m

130 759 266 823 exilium
278 762 312 822 et
324 777 431 822 career
444 756 749 838 Minturnarumque
761 754 896 838 palude

131 860 167 920 et
179 856 378 921 mendicatus
391 854 476 920 vieta
490 853 683 937 Oarthagine
696 852 789 936 panis

133 954 211 1018 hine
224 974 333 1018 caueae
345 953 499 1032 habuere3
521 951 599 1035 quid
613 951 671 1015 illo
683 950 752 1016 eive
765 949 891 1016 tulimet

132 1054 250 1116 natura
263 1050 298 1115 iu
312 1050 417 1128 terrie,
433 1050 512 1134 quid
526 1050 627 1114 Rama
640 1047 764 1113 beatiua
776 1067 942 1130 umquam,

132 1149 160 1213 si
173 1148 393 1213 circumducto
406 1148 606 1231 captivorum
619 1146 748 1230 agmine
761 1150 794 1210 et
807 1144 896 1210 omni
1170 1147 1233 1211 28⁰

132 1247 290 1312 bellorum
303 1265 421 1329 pompa
433 1245 573 1310 unimam
587 1245 764 1308 exhalasset
775 1242 928 1327 opimam,

132 1364 209 1408 eum
222 1344 263 1408 de
276 1342 452 1409 'lantoniae
465 1343 564 1406 vellet
576 1342 765 1406 daeeeudere
777 1342 900 1405 uurrul

132 1440 267 1524 provida
281 1440 431 1523 Pompeio
444 1440 575 1505 dederat
589 1438 765 1522 Oampauia
777 1438 883 1502 iebrea

132 1539 300 1622 optandae,
315 1539 371 1602 md
384 1539 506 1602 multae
520 1538 614 1602 urbes
627 1541 660 1601 et
674 1536 804 1619 publiea
815 1538 890 1600 vota

132 1636 291 1712 vicerunt,
306 1635 407 1718 igitur
419 1634 564 1700 Fortuna
577 1634 677 1717 ipaiua
690 1637 723 1698 et
736 1632 826 1697 urbia

132 1739 293 1798 servatum
306 1732 392 1797 vieto
404 1737 502 1816 eaput
514 1731 658 1797 abstulit.
699 1729 919 1796 hoeerueiatu

133 1832 301 1908 Lentulus,
316 1831 377 1896 beu
390 1851 492 1914 poena
504 1831 609 1895 earuit
621 1829 800 1911 eeeiditque
814 1828 977 1912 Oethegua

131 1928 269 2010 integer,
284 1931 317 1992 et
329 1927 429 1992 iacuit
443 1927 582 1992 Oatiliua
594 1927 745 1991 cadavere
757 1929 837 1990 tete.

172 2026 311 2090 sormam
324 2028 416 2109 optat
428 2025 553 2090 modico
566 2023 684 2108 pueris,
700 2023 818 2088 maiore
827 2022 943 2107 puellis

130 2143 309 2200 murmure,
324 2143 399 2187 uum
415 2120 547 2188 Veneris
559 2124 673 2186 lanum
686 2121 785 2198 videt,
801 2121 896 2185 anxia
908 2124 1011 2186 mater

130 2241 235 2304 usque
247 2219 289 2284 ad
302 2220 431 2285 delicias
443 2224 601 2285 votorum.
647 2219 724 2283 ‘eur
738 2218 867 2282 tameu'
881 2217 991 2300 iuquit

133 2317 331 2399 ‘eorripiaat
370 2317 504 2401 pulchra
517 2317 637 2400 gaudet
650 2315 774 2380 latona
788 2315 918 2380 Diana!

130 2416 188 2481 aad
202 2418 290 2480 vetat
302 2415 406 2500 opteri
419 2415 535 2480 iuuiem
550 2414 699 2479 Lueretia'
713 2413 840 2495 qualem

130 2514 203 2598 ipsa
215 2513 340 2602 habuit,
355 2517 486 2597 cuperet
499 2512 626 2577 Rutilae
639 2510 794 2592 Verginia
807 2510 939 2592 gibbum

130 2611 275 2695 aecipare
287 2615 384 2694 atque
398 2631 488 2676 auam
502 2610 629 2674 Rutilae
643 2610 730 2673 dare.
773 2609 859 2672 filine
871 2613 981 2674 autem

131 2709 275 2792 eorporis
288 2708 407 2792 egregii
421 2708 550 2772 miseros
563 2707 768 2790 trepidosque
780 2711 927 2788 parentes

132 2826 260 2890 semper
271 2805 383 2886 habet;
404 2825 476 2870 rara
487 2808 537 2869 est
549 2806 627 2869 adeo
641 2804 809 2868 eoncordia
821 2805 943 2869 turmae

132 2909 231 2988 atque
243 2903 427 2988 pudicitiae.
471 2906 596 2967 aanetoe
608 2901 684 2966 lieet
697 2901 827 2966 horrida
841 2921 943 2966 meree

132 3000 304 3066 tradiderit
317 3003 431 3066 domae
444 3020 481 3065 aa
494 3004 616 3065 veteres
629 2999 757 3063 imitata
771 2997 914 3076 Sabinae,

132 3102 298 3182 praeterea
310 3102 434 3162 eastum
447 3096 615 3180 ingenium
629 3096 821 3177 vultumque
834 3095 978 3162 modeste

133 3194 290 3278 sanguine
303 3195 482 3260 ferventem
494 3195 617 3258 tribuat
628 3197 746 3257 natura
759 3193 898 3276 benigna

132 3293 222 3375 larga
235 3291 454 3376 mauu-quid
467 3291 554 3357 euim
568 3311 668 3375 puero
680 3291 825 3356 conferre
838 3294 944 3374 puteat
955 3290 1031 3376 plue

133 3391 266 3455 custode
279 3393 313 3454 et
325 3410 402 3455 eura
414 3393 531 3454 natura
543 3387 705 3472 potentior
718 3388 807 3453 omni
815 3391 872 3451 t·-

133 3507 199 3552 uen
213 3486 292 3552 lieet
303 3507 369 3552 eeae
381 3487 461 3553 viro.
503 3507 579 3551 uam
592 3487 725 3569 prodiga
738 3484 933 3570 eorruptorla

133 3585 323 3668 improbitas
337 3585 421 3669 ipeoe
433 3586 531 3650 audet
544 3589 701 3668 temptare
714 3592 876 3667 parentem

133 3684 226 3747 tanta
239 3680 275 3746 iu
289 3683 475 3748 muneribus
487 3683 615 3748 fldueia.
657 3683 767 3746 nullus
780 3683 939 3764 ephebum

134 3780 312 3846 deformem
327 3800 417 3847 saeva
430 3781 581 3848 castravit
594 3781 629 3845 in
643 3800 714 3845 aree
727 3784 896 3864 tyrannus,
