2909 4284
560 339 694 390 SATVRA
715 340 732 391 1

99 493 217 560 doctus
230 496 265 560 et
278 492 321 558 ad
334 492 468 560 calicem
481 491 631 576 vigilanti
645 496 782 561 stertere
795 496 905 566 nasei

100 612 175 657 cum
188 593 240 656 tes
254 611 322 655 esse
335 594 431 674 putet
445 610 558 655 curem
571 609 699 674 sperare
714 593 858 660 cohortis

100 688 154 773 qui
169 689 257 754 bons
271 688 405 754 donarit
418 688 625 772 praesepibus
639 694 673 755 et
687 695 777 756 caret
790 691 880 758 omni

99 787 260 852 maiorum
274 807 384 863 censu,
401 787 481 850 dum
493 787 641 869 pervolat
654 807 713 852 axe
727 789 831 855 citato

100 884 296 948 Flaminiam
309 904 391 968 puer
404 883 641 949 Automedon?
679 905 757 950 nam
769 886 840 952 lora
852 886 987 952 tenebd

99 982 178 1065 ipse,
195 982 379 1046 lacernatae
394 1002 469 1046 cum
483 1001 517 1046 se
531 981 668 1046 iactaret
681 983 814 1050 emicas.

99 1099 209 1143 nonne
222 1079 305 1143 libet
319 1079 425 1144 medio
440 1099 528 1143 ceras
542 1078 666 1162 inploro
680 1099 814 1163 capaces

99 1176 282 1260 quadrivio,
299 1196 375 1242 oum
388 1177 453 1241 iam
467 1181 559 1241 sexta
572 1177 698 1244 eervioe
711 1179 839 1245 seratur

99 1275 177 1339 bino
192 1279 292 1358 atque
306 1275 383 1338 inde
396 1278 511 1358 patens
525 1294 564 1338 ae
577 1275 666 1338 nuda
679 1294 783 1358 poene
796 1277 953 1344 cathedre

99 1378 132 1436 et
145 1373 293 1436 multum
306 1372 449 1436 referens
463 1371 504 1435 de
519 1371 706 1436 Maecenate
721 1374 840 1458 supino

99 1469 248 1553 signator
261 1469 347 1545 falsi,
362 1468 419 1553 qui
433 1489 467 1532 se
480 1469 610 1532 lautum
623 1474 723 1553 atque
737 1471 870 1536 beatum

100 1565 228 1650 exiguis
242 1566 362 1631 tabulis
377 1570 410 1630 et
423 1583 552 1648 gemma
565 1565 681 1630 lecerit
695 1568 761 1631 nda
773 1567 789 1632 1

100 1664 246 1730 occurrit
259 1669 408 1728 matrona
421 1669 547 1746 potens,
564 1683 646 1746 quse
659 1665 758 1729 molle
773 1666 931 1732 Oalenum

99 1765 292 1844 porrectura
305 1760 375 1826 viro
388 1760 503 1825 miscet
517 1759 648 1824 sitiente
661 1762 812 1827 rubetam

99 1858 313 1942 instituitque
326 1859 424 1921 rudes
438 1857 551 1922 melior
565 1856 710 1922 Lucusta
723 1859 923 1942 propinquas

99 1975 159 2040 per
172 1957 296 2019 famam
310 1959 344 2019 et
357 1955 516 2038 populum
529 1954 640 2037 nigros
654 1956 769 2020 efferre
782 1958 926 2024 maritos.

100 2054 186 2118 aude
200 2052 326 2136 aliquid
338 2051 488 2116 brevibus
504 2051 618 2134 Gyaris
632 2055 666 2116 et
680 2073 808 2117 carcere
821 2054 971 2138 dignum,

100 2151 128 2215 si
141 2151 193 2216 ris
207 2169 275 2214 esse
289 2148 422 2232 aliquid.
464 2147 608 2231 probitas
620 2149 775 2213 laudatur
789 2155 823 2214 et
836 2152 934 2234 alget.

101 2247 295 2314 criminibus
308 2246 428 2310 debent
442 2246 554 2310 hortos
567 2246 730 2328 praetoris
743 2267 870 2313 menese

100 2349 277 2430 argentum
290 2348 385 2408 retus
398 2347 432 2406 et
446 2347 587 2408 stantem
601 2347 695 2407 extra
707 2345 826 2426 pocula
839 2364 985 2429 caprum.

102 2463 200 2528 quem
213 2442 341 2526 petitur
354 2439 494 2504 dormire
508 2459 611 2503 nurus
624 2446 797 2524 corruptor
810 2462 936 2521 avarae,

101 2562 201 2624 quem
214 2559 350 2624 sponsae
364 2543 476 2622 turpes
490 2541 524 2602 et
538 2542 761 2621 praetextatus
774 2540 933 2607 adulteri

102 2640 127 2704 si
141 2643 264 2703 natura
277 2640 387 2719 negat,
403 2635 485 2700 iacit
498 2635 682 2718 indignatio
697 2656 827 2701 versum

102 2737 373 2821 qualemcumque
387 2737 506 2816 potest,
523 2734 634 2817 quales
649 2751 709 2816 ego
723 2734 775 2799 rel
791 2735 979 2802 Olarienns.

141 2854 183 2898 ex
197 2851 264 2916 quo
278 2831 458 2895 Deucalion
471 2831 590 2895 nimbis
604 2831 797 2896 tollentibus
811 2851 933 2916 aequor

102 2930 234 3013 navigio
249 2933 395 2993 montem
408 2928 555 2993 ascendit
569 2933 735 3013 sortesque
749 2930 899 3013 poposcit

101 3027 328 3112 paulatimque
341 3025 450 3089 anima
463 3024 636 3089 caluerunt
649 3026 761 3091 mollia
774 3047 852 3091 saxa

103 3132 135 3189 et
150 3124 296 3188 maribus
309 3123 414 3186 nudas
428 3120 572 3186 ostendit
586 3122 710 3206 Pyrrha
723 3125 860 3207 puellas,

103 3220 267 3307 quidquid
280 3225 384 3303 agunt
397 3219 555 3297 homines,
571 3224 685 3284 votum
700 3221 798 3285 timor
811 3220 861 3287 ira
873 3223 1024 3307 voluptas

102 3319 225 3402 gaudia
239 3317 414 3394 discursus,
430 3317 534 3381 nestri
547 3318 677 3400 lamago
690 3317 794 3383 libelli
808 3323 868 3383 eet.

103 3422 138 3481 et
151 3415 284 3501 qnando
298 3413 427 3479 uberior
440 3414 595 3479 uitiorum
609 3413 703 3497 copia
717 3415 733 3479 i’
773 3417 903 3501 quando

103 3513 209 3578 maior
222 3510 377 3577 avaritiae
391 3511 501 3596 patuit
516 3511 606 3575 sinus
619 3511 634 3576 i
674 3512 744 3576 alea
759 3515 889 3597 quando
941 3599 944 3602 ἦ

103 3610 163 3676 bos
178 3609 304 3674 animos
316 3608 332 3673 1
371 3629 477 3693 neque
492 3607 578 3672 enim
591 3609 707 3673 loculis
721 3610 954 3676 comitantibus
968 3609 1037 3676 itur

104 3710 147 3774 ad
160 3727 273 3773 essum
287 3706 428 3784 tabulae,
444 3705 551 3791 posits
564 3707 621 3771 sed
634 3707 763 3771 luditur
776 3728 860 3772 arca.

105 3805 230 3892 proelia
243 3808 367 3891 quanta
380 3803 447 3869 illic
462 3803 683 3890 dispensatore
697 3805 823 3870 videbis
