<?xml version="1.0" encoding="UTF-8"?>
<!DOCTYPE html PUBLIC "-//W3C//DTD XHTML 1.0 Transitional//EN"
    "http://www.w3.org/TR/xhtml1/DTD/xhtml1-transitional.dtd">
<html xmlns="http://www.w3.org/1999/xhtml" xml:lang="en" lang="en">
 <head>
  <title>
</title>
<meta http-equiv="Content-Type" content="text/html;charset=utf-8" />
  <meta name='ocr-system' content='tesseract 3.04.00' />
  <meta name='ocr-capabilities' content='ocr_page ocr_carea ocr_par ocr_line ocrx_word'/>
</head>
<body>
  <div class='ocr_page' id='page_1' title='image "./saturarumlibriv00unkngoog_0183.png"; bbox 0 0 2909 4284; ppageno 0'>
   <div class='ocr_carea' id='block_1_1' title="bbox 563 264 791 316">
    <p class='ocr_par' dir='ltr' id='par_1_1' title="bbox 563 264 791 316">
     <span class='ocr_line' id='line_1_1' title="bbox 563 264 791 316; baseline 0.004 -1"><span class='ocrx_word' id='word_1_1' title='bbox 563 264 698 315; x_wconf 74' lang='grc' dir='ltr'><strong>ΒΔΜΔ</strong></span> <span class='ocrx_word' id='word_1_2' title='bbox 719 267 791 316; x_wconf 81' lang='lat'>1111</span> 
     </span>
    </p>
   </div>
   <div class='ocr_carea' id='block_1_2' title="bbox 121 416 1225 3723">
    <p class='ocr_par' dir='ltr' id='par_1_2' title="bbox 127 416 855 504">
     <span class='ocr_line' id='line_1_2' title="bbox 127 416 855 504; baseline -0.004 -19"><span class='ocrx_word' id='word_1_3' title='bbox 127 422 304 503; x_wconf 75' lang='lat' dir='ltr'><strong>Pygmaeus</strong></span> <span class='ocrx_word' id='word_1_4' title='bbox 318 417 424 504; x_wconf 80' lang='lat' dir='ltr'><strong>parvis</strong></span> <span class='ocrx_word' id='word_1_5' title='bbox 436 417 539 484; x_wconf 86' lang='lat' dir='ltr'><strong>currit</strong></span> <span class='ocrx_word' id='word_1_6' title='bbox 552 417 686 483; x_wconf 75' lang='lat' dir='ltr'>bellator</span> <span class='ocrx_word' id='word_1_7' title='bbox 699 416 736 480; x_wconf 92' lang='lat' dir='ltr'><strong>in</strong></span> <span class='ocrx_word' id='word_1_8' title='bbox 748 416 855 494; x_wconf 87' lang='lat' dir='ltr'><strong>armis,</strong></span> 
     </span>
    </p>

    <p class='ocr_par' dir='ltr' id='par_1_3' title="bbox 126 514 871 601">
     <span class='ocr_line' id='line_1_3' title="bbox 126 514 871 601; baseline -0.001 -20"><span class='ocrx_word' id='word_1_9' title='bbox 126 538 202 581; x_wconf 85' lang='lat' dir='ltr'><strong>mox</strong></span> <span class='ocrx_word' id='word_1_10' title='bbox 217 517 310 601; x_wconf 81' lang='lat' dir='ltr'>inpar</span> <span class='ocrx_word' id='word_1_11' title='bbox 323 516 407 580; x_wconf 92' lang='lat' dir='ltr'><strong>hosti</strong></span> <span class='ocrx_word' id='word_1_12' title='bbox 422 521 595 600; x_wconf 84' lang='lat' dir='ltr'><strong>raptusque</strong></span> <span class='ocrx_word' id='word_1_13' title='bbox 608 535 666 599; x_wconf 89' lang='lat' dir='ltr'><strong>per</strong></span> <span class='ocrx_word' id='word_1_14' title='bbox 678 535 753 578; x_wconf 86' lang='lat' dir='ltr'><strong>aera</strong></span> <span class='ocrx_word' id='word_1_15' title='bbox 765 514 871 580; x_wconf 73' lang='lat' dir='ltr'><strong>cunis</strong></span> 
     </span>
    </p>

    <p class='ocr_par' dir='ltr' id='par_1_4' title="bbox 125 612 911 696">
     <span class='ocr_line' id='line_1_4' title="bbox 125 612 911 696; baseline 0.001 -19"><span class='ocrx_word' id='word_1_16' title='bbox 125 616 290 696; x_wconf 89' lang='lat' dir='ltr'><strong>unguibus</strong></span> <span class='ocrx_word' id='word_1_17' title='bbox 303 635 323 677; x_wconf 96' lang='lat' dir='ltr'><strong>a</strong></span> <span class='ocrx_word' id='word_1_18' title='bbox 335 633 426 678; x_wconf 87' lang='lat' dir='ltr'><strong>saeva</strong></span> <span class='ocrx_word' id='word_1_19' title='bbox 438 615 543 677; x_wconf 83' lang='lat' dir='ltr'><strong>iertur</strong></span> <span class='ocrx_word' id='word_1_20' title='bbox 556 633 645 695; x_wconf 91' lang='lat' dir='ltr'><strong>grue.</strong></span> <span class='ocrx_word' id='word_1_21' title='bbox 690 612 717 676; x_wconf 91' lang='lat' dir='ltr'><strong>si</strong></span> <span class='ocrx_word' id='word_1_22' title='bbox 731 613 838 678; x_wconf 82' lang='lat' dir='ltr'><strong>videas</strong></span> <span class='ocrx_word' id='word_1_23' title='bbox 849 613 911 678; x_wconf 91' lang='lat' dir='ltr'><strong>hoo</strong></span> 
     </span>
    </p>

    <p class='ocr_par' dir='ltr' id='par_1_5' title="bbox 125 710 890 794">
     <span class='ocr_line' id='line_1_5' title="bbox 125 710 890 794; baseline 0 -19"><span class='ocrx_word' id='word_1_24' title='bbox 125 713 275 794; x_wconf 90' lang='lat' dir='ltr'><strong>gentibus</strong></span> <span class='ocrx_word' id='word_1_25' title='bbox 288 711 325 774; x_wconf 90' lang='lat' dir='ltr'><strong>in</strong></span> <span class='ocrx_word' id='word_1_26' title='bbox 339 710 466 788; x_wconf 82' lang='lat' dir='ltr'><strong>nostris,</strong></span> <span class='ocrx_word' id='word_1_27' title='bbox 482 710 548 774; x_wconf 88' lang='lat' dir='ltr'><strong>risu</strong></span> <span class='ocrx_word' id='word_1_28' title='bbox 563 711 720 793; x_wconf 83' lang='lat' dir='ltr'><strong>quatiere3</strong></span> <span class='ocrx_word' id='word_1_29' title='bbox 742 711 795 774; x_wconf 90' lang='lat' dir='ltr'><strong>sed</strong></span> <span class='ocrx_word' id='word_1_30' title='bbox 810 710 890 787; x_wconf 89' lang='lat' dir='ltr'><strong>illic,</strong></span> 
     </span>
    </p>

    <p class='ocr_par' dir='ltr' id='par_1_6' title="bbox 126 807 1034 893">
     <span class='ocr_line' id='line_1_6' title="bbox 126 807 1034 893; baseline 0 -21"><span class='ocrx_word' id='word_1_31' title='bbox 126 829 321 893; x_wconf 89' lang='lat' dir='ltr'><strong>quamquam</strong></span> <span class='ocrx_word' id='word_1_32' title='bbox 336 809 446 873; x_wconf 87' lang='lat' dir='ltr'><strong>eadem</strong></span> <span class='ocrx_word' id='word_1_33' title='bbox 459 808 591 872; x_wconf 90' lang='lat' dir='ltr'><strong>adsidue</strong></span> <span class='ocrx_word' id='word_1_34' title='bbox 605 811 789 892; x_wconf 87' lang='lat' dir='ltr'><strong>spectentur</strong></span> <span class='ocrx_word' id='word_1_35' title='bbox 802 809 933 890; x_wconf 91' lang='lat' dir='ltr'><strong>proelia,</strong></span> <span class='ocrx_word' id='word_1_36' title='bbox 949 807 1034 874; x_wconf 87' lang='lat' dir='ltr'><strong>ridet</strong></span> 
     </span>
    </p>

    <p class='ocr_par' dir='ltr' id='par_1_7' title="bbox 125 905 942 1086">
     <span class='ocr_line' id='line_1_7' title="bbox 125 905 942 986; baseline 0 -16"><span class='ocrx_word' id='word_1_37' title='bbox 125 927 232 982; x_wconf 89' lang='lat' dir='ltr'><strong>nemo,</strong></span> <span class='ocrx_word' id='word_1_38' title='bbox 248 906 305 970; x_wconf 91' lang='lat' dir='ltr'><strong>ubi</strong></span> <span class='ocrx_word' id='word_1_39' title='bbox 318 910 387 971; x_wconf 83' lang='lat' dir='ltr'><strong>tote</strong></span> <span class='ocrx_word' id='word_1_40' title='bbox 400 905 512 970; x_wconf 78' lang='lat' dir='ltr'><strong>cohors</strong></span> <span class='ocrx_word' id='word_1_41' title='bbox 525 906 605 986; x_wconf 90' lang='lat' dir='ltr'><strong>pede</strong></span> <span class='ocrx_word' id='word_1_42' title='bbox 619 925 685 970; x_wconf 89' lang='lat' dir='ltr'><strong>non</strong></span> <span class='ocrx_word' id='word_1_43' title='bbox 697 909 747 969; x_wconf 87' lang='lat' dir='ltr'><strong>est</strong></span> <span class='ocrx_word' id='word_1_44' title='bbox 758 905 854 970; x_wconf 80' lang='lat' dir='ltr'><strong>altior</strong></span> <span class='ocrx_word' id='word_1_45' title='bbox 866 925 942 970; x_wconf 85' lang='lat' dir='ltr'><strong>uno.</strong></span> 
     </span>
     <span class='ocr_line' id='line_1_8' title="bbox 169 1003 937 1086; baseline 0 -19"><span class='ocrx_word' id='word_1_46' title='bbox 169 1005 320 1068; x_wconf 90' lang='lat' dir='ltr'><strong>‘nullane</strong></span> <span class='ocrx_word' id='word_1_47' title='bbox 333 1004 439 1086; x_wconf 83' lang='lat' dir='ltr'>peiuri</span> <span class='ocrx_word' id='word_1_48' title='bbox 452 1003 566 1086; x_wconf 88' lang='lat' dir='ltr'><strong>capitis</strong></span> <span class='ocrx_word' id='word_1_49' title='bbox 579 1003 767 1086; x_wconf 74' lang='lat' dir='ltr'><strong>fraudisque</strong></span> <span class='ocrx_word' id='word_1_50' title='bbox 779 1004 937 1067; x_wconf 75' lang='lat' dir='ltr'><strong>nonnose</strong></span> 
     </span>
    </p>

    <p class='ocr_par' dir='ltr' id='par_1_8' title="bbox 124 1101 1115 1186">
     <span class='ocr_line' id='line_1_9' title="bbox 124 1101 1115 1186; baseline 0 -20"><span class='ocrx_word' id='word_1_51' title='bbox 124 1122 229 1186; x_wconf 90' lang='lat' dir='ltr'><strong>poena</strong></span> <span class='ocrx_word' id='word_1_52' title='bbox 241 1101 347 1165; x_wconf 78' lang='lat' dir='ltr'><strong>eritl&#39;</strong></span> <span class='ocrx_word' id='word_1_53' title='bbox 389 1101 557 1184; x_wconf 90' lang='lat' dir='ltr'><strong>abreptum</strong></span> <span class='ocrx_word' id='word_1_54' title='bbox 571 1101 663 1165; x_wconf 89' lang='lat' dir='ltr'><strong>crede</strong></span> <span class='ocrx_word' id='word_1_55' title='bbox 676 1101 765 1165; x_wconf 90' lang='lat' dir='ltr'><strong>huno</strong></span> <span class='ocrx_word' id='word_1_56' title='bbox 778 1101 921 1183; x_wconf 75' lang='lat' dir='ltr'><strong>grevime</strong></span> <span class='ocrx_word' id='word_1_57' title='bbox 933 1105 1046 1166; x_wconf 75' lang='lat' dir='ltr'><strong>catena</strong></span> <span class='ocrx_word' id='word_1_58' title='bbox 1112 1127 1115 1132; x_wconf 94' lang='lat'>·</span> 
     </span>
    </p>

    <p class='ocr_par' dir='ltr' id='par_1_9' title="bbox 125 1198 974 1282">
     <span class='ocr_line' id='line_1_10' title="bbox 125 1198 974 1282; baseline 0 -20"><span class='ocrx_word' id='word_1_59' title='bbox 125 1199 274 1282; x_wconf 87' lang='lat' dir='ltr'><strong>protinus</strong></span> <span class='ocrx_word' id='word_1_60' title='bbox 287 1201 321 1262; x_wconf 88' lang='lat' dir='ltr'><strong>et</strong></span> <span class='ocrx_word' id='word_1_61' title='bbox 335 1199 564 1282; x_wconf 84' lang='lat' dir='ltr'><strong>nostro-quid</strong></span> <span class='ocrx_word' id='word_1_62' title='bbox 577 1199 652 1282; x_wconf 90' lang='lat' dir='ltr'><strong>plus</strong></span> <span class='ocrx_word' id='word_1_63' title='bbox 664 1199 743 1262; x_wconf 78' lang='lat' dir='ltr'><strong>velit</strong></span> <span class='ocrx_word' id='word_1_64' title='bbox 756 1198 974 1263; x_wconf 79' lang='lat' dir='ltr'><strong>irat-necari</strong></span> 
     </span>
    </p>

    <p class='ocr_par' dir='ltr' id='par_1_10' title="bbox 124 1294 972 1379">
     <span class='ocr_line' id='line_1_11' title="bbox 124 1294 972 1379; baseline 0.001 -20"><span class='ocrx_word' id='word_1_65' title='bbox 124 1295 273 1360; x_wconf 79' lang='lat' dir='ltr'><strong>arbitrior</strong></span> <span class='ocrx_word' id='word_1_66' title='bbox 295 1299 405 1360; x_wconf 88' lang='lat' dir='ltr'><strong>manet</strong></span> <span class='ocrx_word' id='word_1_67' title='bbox 418 1294 474 1359; x_wconf 91' lang='lat' dir='ltr'><strong>illa</strong></span> <span class='ocrx_word' id='word_1_68' title='bbox 486 1300 595 1359; x_wconf 88' lang='lat' dir='ltr'><strong>tamen</strong></span> <span class='ocrx_word' id='word_1_69' title='bbox 609 1295 732 1360; x_wconf 86' lang='lat' dir='ltr'><strong>iactura</strong></span> <span class='ocrx_word' id='word_1_70' title='bbox 745 1316 805 1360; x_wconf 90' lang='lat' dir='ltr'><strong>neo</strong></span> <span class='ocrx_word' id='word_1_71' title='bbox 817 1316 972 1379; x_wconf 85' lang='lat' dir='ltr'><strong>umquam</strong></span> 
     </span>
    </p>

    <p class='ocr_par' dir='ltr' id='par_1_11' title="bbox 125 1393 932 1478">
     <span class='ocr_line' id='line_1_12' title="bbox 125 1393 932 1478; baseline -0.002 -20"><span class='ocrx_word' id='word_1_72' title='bbox 125 1393 308 1478; x_wconf 88' lang='lat' dir='ltr'><strong>depositum</strong></span> <span class='ocrx_word' id='word_1_73' title='bbox 322 1393 382 1457; x_wconf 88' lang='lat' dir='ltr'><strong>tibi</strong></span> <span class='ocrx_word' id='word_1_74' title='bbox 396 1413 501 1476; x_wconf 90' lang='lat' dir='ltr'><strong>sospes</strong></span> <span class='ocrx_word' id='word_1_75' title='bbox 513 1393 585 1469; x_wconf 92' lang='lat' dir='ltr'><strong>erit,</strong></span> <span class='ocrx_word' id='word_1_76' title='bbox 602 1394 658 1457; x_wconf 91' lang='lat' dir='ltr'><strong>sed</strong></span> <span class='ocrx_word' id='word_1_77' title='bbox 671 1414 803 1477; x_wconf 88' lang='lat' dir='ltr'><strong>corpore</strong></span> <span class='ocrx_word' id='word_1_78' title='bbox 815 1397 932 1457; x_wconf 87' lang='lat' dir='ltr'><strong>trunco</strong></span> 
     </span>
    </p>

    <p class='ocr_par' dir='ltr' id='par_1_12' title="bbox 124 1490 835 1573">
     <span class='ocr_line' id='line_1_13' title="bbox 124 1490 835 1573; baseline -0.004 -17"><span class='ocrx_word' id='word_1_79' title='bbox 124 1492 283 1556; x_wconf 85' lang='lat' dir='ltr'><strong>invidiosa</strong></span> <span class='ocrx_word' id='word_1_80' title='bbox 296 1492 387 1556; x_wconf 88' lang='lat' dir='ltr'><strong>dahit</strong></span> <span class='ocrx_word' id='word_1_81' title='bbox 400 1490 553 1555; x_wconf 87' lang='lat' dir='ltr'><strong>minimus</strong></span> <span class='ocrx_word' id='word_1_82' title='bbox 567 1491 682 1556; x_wconf 85' lang='lat' dir='ltr'><strong>solacia</strong></span> <span class='ocrx_word' id='word_1_83' title='bbox 694 1491 835 1573; x_wconf 86' lang='lat' dir='ltr'><strong>sanguis.</strong></span> 
     </span>
    </p>

    <p class='ocr_par' dir='ltr' id='par_1_13' title="bbox 126 1587 849 1670">
     <span class='ocr_line' id='line_1_14' title="bbox 126 1587 849 1670; baseline 0 -18"><span class='ocrx_word' id='word_1_84' title='bbox 126 1589 182 1652; x_wconf 88' lang='lat' dir='ltr'><strong>‘at</strong></span> <span class='ocrx_word' id='word_1_85' title='bbox 196 1588 340 1652; x_wconf 83' lang='lat' dir='ltr'><strong>vindicta</strong></span> <span class='ocrx_word' id='word_1_86' title='bbox 351 1588 473 1651; x_wconf 90' lang='lat' dir='ltr'><strong>honum</strong></span> <span class='ocrx_word' id='word_1_87' title='bbox 486 1588 554 1652; x_wconf 80' lang='lat' dir='ltr'><strong>rita</strong></span> <span class='ocrx_word' id='word_1_88' title='bbox 567 1587 741 1652; x_wconf 87' lang='lat' dir='ltr'><strong>iucundius</strong></span> <span class='ocrx_word' id='word_1_89' title='bbox 754 1587 849 1670; x_wconf 67' lang='lat' dir='ltr'><strong>ipsa)</strong></span> 
     </span>
    </p>

    <p class='ocr_par' dir='ltr' id='par_1_14' title="bbox 124 1685 925 1770">
     <span class='ocr_line' id='line_1_15' title="bbox 124 1685 925 1770; baseline 0 -19"><span class='ocrx_word' id='word_1_90' title='bbox 124 1707 242 1770; x_wconf 80' lang='lat' dir='ltr'><strong>nempe</strong></span> <span class='ocrx_word' id='word_1_91' title='bbox 256 1686 317 1750; x_wconf 92' lang='lat' dir='ltr'><strong>hoc</strong></span> <span class='ocrx_word' id='word_1_92' title='bbox 331 1685 464 1761; x_wconf 85' lang='lat' dir='ltr'><strong>indocti,</strong></span> <span class='ocrx_word' id='word_1_93' title='bbox 480 1705 617 1768; x_wconf 86' lang='lat' dir='ltr'><strong>quoram</strong></span> <span class='ocrx_word' id='word_1_94' title='bbox 630 1685 814 1768; x_wconf 88' lang='lat' dir='ltr'><strong>praecordia</strong></span> <span class='ocrx_word' id='word_1_95' title='bbox 826 1686 925 1751; x_wconf 88' lang='lat' dir='ltr'><strong>nullis</strong></span> 
     </span>
    </p>

    <p class='ocr_par' dir='ltr' id='par_1_15' title="bbox 124 1782 929 1864">
     <span class='ocr_line' id='line_1_16' title="bbox 124 1782 929 1864; baseline 0 -16"><span class='ocrx_word' id='word_1_96' title='bbox 124 1785 293 1848; x_wconf 89' lang='lat' dir='ltr'><strong>interdum</strong></span> <span class='ocrx_word' id='word_1_97' title='bbox 306 1787 364 1846; x_wconf 89' lang='lat' dir='ltr'><strong>aut</strong></span> <span class='ocrx_word' id='word_1_98' title='bbox 376 1782 499 1846; x_wconf 80' lang='lat' dir='ltr'><strong>levibus</strong></span> <span class='ocrx_word' id='word_1_99' title='bbox 511 1783 618 1846; x_wconf 82' lang='lat' dir='ltr'><strong>videas</strong></span> <span class='ocrx_word' id='word_1_100' title='bbox 631 1783 801 1864; x_wconf 88' lang='lat' dir='ltr'><strong>flagrantia</strong></span> <span class='ocrx_word' id='word_1_101' title='bbox 813 1784 929 1848; x_wconf 72' lang='lat' dir='ltr'><strong>musis:</strong></span> 
     </span>
    </p>

    <p class='ocr_par' dir='ltr' id='par_1_16' title="bbox 125 1880 927 1965">
     <span class='ocr_line' id='line_1_17' title="bbox 125 1880 927 1965; baseline 0 -20"><span class='ocrx_word' id='word_1_102' title='bbox 125 1882 420 1965; x_wconf 87' lang='lat' dir='ltr'><strong>quantulacumque</strong></span> <span class='ocrx_word' id='word_1_103' title='bbox 433 1881 512 1944; x_wconf 91' lang='lat' dir='ltr'><strong>adeo</strong></span> <span class='ocrx_word' id='word_1_104' title='bbox 525 1883 574 1943; x_wconf 88' lang='lat' dir='ltr'><strong>est</strong></span> <span class='ocrx_word' id='word_1_105' title='bbox 587 1880 708 1944; x_wconf 90' lang='lat' dir='ltr'><strong>occasio</strong></span> <span class='ocrx_word' id='word_1_106' title='bbox 721 1881 840 1944; x_wconf 86' lang='lat' dir='ltr'><strong>sufficit</strong></span> <span class='ocrx_word' id='word_1_107' title='bbox 852 1881 927 1946; x_wconf 84' lang='lat' dir='ltr'><strong>irae.</strong></span> 
     </span>
    </p>

    <p class='ocr_par' dir='ltr' id='par_1_17' title="bbox 125 1977 929 2062">
     <span class='ocr_line' id='line_1_18' title="bbox 125 1977 929 2062; baseline -0.001 -18"><span class='ocrx_word' id='word_1_108' title='bbox 125 1979 327 2062; x_wconf 78' lang='lat' dir='ltr'><strong>Chrysippus</strong></span> <span class='ocrx_word' id='word_1_109' title='bbox 340 1998 406 2042; x_wconf 92' lang='lat' dir='ltr'><strong>non</strong></span> <span class='ocrx_word' id='word_1_110' title='bbox 419 1978 505 2041; x_wconf 88' lang='lat' dir='ltr'><strong>dicet</strong></span> <span class='ocrx_word' id='word_1_111' title='bbox 518 1977 606 2041; x_wconf 91' lang='lat' dir='ltr'><strong>idem</strong></span> <span class='ocrx_word' id='word_1_112' title='bbox 619 1998 678 2042; x_wconf 90' lang='lat' dir='ltr'><strong>nec</strong></span> <span class='ocrx_word' id='word_1_113' title='bbox 692 1979 772 2041; x_wconf 90' lang='lat' dir='ltr'><strong>mite</strong></span> <span class='ocrx_word' id='word_1_114' title='bbox 785 1979 929 2043; x_wconf 76' lang='lat' dir='ltr'><strong>Thaletis</strong></span> 
     </span>
    </p>

    <p class='ocr_par' dir='ltr' id='par_1_18' title="bbox 123 2073 883 2160">
     <span class='ocr_line' id='line_1_19' title="bbox 123 2073 883 2160; baseline 0 -20"><span class='ocrx_word' id='word_1_115' title='bbox 123 2076 294 2160; x_wconf 84' lang='lat' dir='ltr'><strong>ingenium</strong></span> <span class='ocrx_word' id='word_1_116' title='bbox 307 2075 459 2158; x_wconf 77' lang='lat' dir='ltr'><strong>dulcique</strong></span> <span class='ocrx_word' id='word_1_117' title='bbox 472 2095 567 2139; x_wconf 83' lang='lat' dir='ltr'><strong>senex</strong></span> <span class='ocrx_word' id='word_1_118' title='bbox 580 2073 704 2138; x_wconf 82' lang='lat' dir='ltr'><strong>ricinus</strong></span> <span class='ocrx_word' id='word_1_119' title='bbox 718 2076 883 2157; x_wconf 85' lang='lat' dir='ltr'><strong>Hymetto,</strong></span> 
     </span>
    </p>

    <p class='ocr_par' dir='ltr' id='par_1_19' title="bbox 125 2172 940 2257">
     <span class='ocr_line' id='line_1_20' title="bbox 125 2172 940 2257; baseline -0.001 -20"><span class='ocrx_word' id='word_1_120' title='bbox 125 2175 182 2257; x_wconf 94' lang='lat' dir='ltr'><strong>qui</strong></span> <span class='ocrx_word' id='word_1_121' title='bbox 196 2178 322 2257; x_wconf 88' lang='lat' dir='ltr'><strong>partem</strong></span> <span class='ocrx_word' id='word_1_122' title='bbox 335 2176 482 2255; x_wconf 84' lang='lat' dir='ltr'><strong>acceptae</strong></span> <span class='ocrx_word' id='word_1_123' title='bbox 495 2192 587 2235; x_wconf 82' lang='lat' dir='ltr'><strong>saera</strong></span> <span class='ocrx_word' id='word_1_124' title='bbox 600 2172 685 2236; x_wconf 87' lang='lat' dir='ltr'><strong>inter</strong></span> <span class='ocrx_word' id='word_1_125' title='bbox 698 2172 804 2236; x_wconf 82' lang='lat' dir='ltr'><strong>vincla</strong></span> <span class='ocrx_word' id='word_1_126' title='bbox 816 2172 940 2236; x_wconf 87' lang='lat' dir='ltr'><strong>cicutae</strong></span> 
     </span>
    </p>

    <p class='ocr_par' dir='ltr' id='par_1_20' title="bbox 123 2269 794 2352">
     <span class='ocr_line' id='line_1_21' title="bbox 123 2269 794 2352; baseline -0.007 -16"><span class='ocrx_word' id='word_1_127' title='bbox 123 2269 300 2336; x_wconf 77' lang='lat' dir='ltr'><strong>accusatori</strong></span> <span class='ocrx_word' id='word_1_128' title='bbox 315 2270 417 2334; x_wconf 89' lang='lat' dir='ltr'><strong>nollet</strong></span> <span class='ocrx_word' id='word_1_129' title='bbox 430 2271 515 2333; x_wconf 88' lang='lat' dir='ltr'><strong>dare.</strong></span> <span class='ocrx_word' id='word_1_130' title='bbox 559 2270 699 2352; x_wconf 89' lang='lat' dir='ltr'><strong>plurima</strong></span> <span class='ocrx_word' id='word_1_131' title='bbox 712 2270 794 2332; x_wconf 72' lang='lat' dir='ltr'><strong>felix</strong></span> 
     </span>
    </p>

    <p class='ocr_par' dir='ltr' id='par_1_21' title="bbox 123 2366 858 2453">
     <span class='ocr_line' id='line_1_22' title="bbox 123 2366 858 2453; baseline -0.004 -20"><span class='ocrx_word' id='word_1_132' title='bbox 123 2369 282 2453; x_wconf 86' lang='lat' dir='ltr'><strong>paulatim</strong></span> <span class='ocrx_word' id='word_1_133' title='bbox 297 2367 376 2431; x_wconf 83' lang='lat' dir='ltr'><strong>vitia</strong></span> <span class='ocrx_word' id='word_1_134' title='bbox 389 2372 485 2450; x_wconf 91' lang='lat' dir='ltr'><strong>atquo</strong></span> <span class='ocrx_word' id='word_1_135' title='bbox 498 2371 619 2431; x_wconf 81' lang='lat' dir='ltr'><strong>errores</strong></span> <span class='ocrx_word' id='word_1_136' title='bbox 631 2366 734 2442; x_wconf 86' lang='lat' dir='ltr'><strong>exuit,</strong></span> <span class='ocrx_word' id='word_1_137' title='bbox 749 2386 858 2431; x_wconf 90' lang='lat' dir='ltr'><strong>omnes</strong></span> 
     </span>
    </p>

    <p class='ocr_par' dir='ltr' id='par_1_22' title="bbox 123 2463 953 2550">
     <span class='ocr_line' id='line_1_23' title="bbox 123 2463 953 2550; baseline -0.002 -20"><span class='ocrx_word' id='word_1_138' title='bbox 123 2467 231 2550; x_wconf 85' lang='lat' dir='ltr'><strong>prima</strong></span> <span class='ocrx_word' id='word_1_139' title='bbox 244 2465 338 2528; x_wconf 87' lang='lat' dir='ltr'><strong>docet</strong></span> <span class='ocrx_word' id='word_1_140' title='bbox 351 2467 476 2528; x_wconf 89' lang='lat' dir='ltr'><strong>rectum</strong></span> <span class='ocrx_word' id='word_1_141' title='bbox 489 2463 657 2546; x_wconf 73' lang='lat' dir='ltr'><strong>sapientia.</strong></span> <span class='ocrx_word' id='word_1_142' title='bbox 701 2463 820 2546; x_wconf 90' lang='lat' dir='ltr'><strong>quippe</strong></span> <span class='ocrx_word' id='word_1_143' title='bbox 834 2464 953 2528; x_wconf 88' lang='lat' dir='ltr'><strong>minuti</strong></span> 
     </span>
    </p>

    <p class='ocr_par' dir='ltr' id='par_1_23' title="bbox 124 2560 951 2646">
     <span class='ocr_line' id='line_1_24' title="bbox 124 2560 951 2646; baseline -0.006 -17"><span class='ocrx_word' id='word_1_144' title='bbox 124 2583 250 2646; x_wconf 88' lang='lat' dir='ltr'><strong>semper</strong></span> <span class='ocrx_word' id='word_1_145' title='bbox 262 2564 296 2626; x_wconf 85' lang='lat' dir='ltr'><strong>et</strong></span> <span class='ocrx_word' id='word_1_146' title='bbox 308 2561 430 2625; x_wconf 87' lang='lat' dir='ltr'><strong>infirmi</strong></span> <span class='ocrx_word' id='word_1_147' title='bbox 444 2563 492 2625; x_wconf 92' lang='lat' dir='ltr'><strong>est</strong></span> <span class='ocrx_word' id='word_1_148' title='bbox 505 2561 604 2624; x_wconf 90' lang='lat' dir='ltr'><strong>animi</strong></span> <span class='ocrx_word' id='word_1_149' title='bbox 619 2560 791 2642; x_wconf 81' lang='lat' dir='ltr'><strong>exiguique</strong></span> <span class='ocrx_word' id='word_1_150' title='bbox 804 2562 951 2644; x_wconf 78' lang='lat' dir='ltr'><strong>voluptas</strong></span> 
     </span>
    </p>

    <p class='ocr_par' dir='ltr' id='par_1_24' title="bbox 124 2657 875 2741">
     <span class='ocr_line' id='line_1_25' title="bbox 124 2657 875 2741; baseline -0.003 -17"><span class='ocrx_word' id='word_1_151' title='bbox 124 2661 217 2724; x_wconf 89' lang='lat' dir='ltr'><strong>ultio.</strong></span> <span class='ocrx_word' id='word_1_152' title='bbox 262 2658 416 2723; x_wconf 90' lang='lat' dir='ltr'><strong>contiuuo</strong></span> <span class='ocrx_word' id='word_1_153' title='bbox 430 2657 476 2722; x_wconf 85' lang='lat' dir='ltr'><strong>sic</strong></span> <span class='ocrx_word' id='word_1_154' title='bbox 489 2658 613 2740; x_wconf 90' lang='lat' dir='ltr'><strong>collige,</strong></span> <span class='ocrx_word' id='word_1_155' title='bbox 630 2659 717 2741; x_wconf 92' lang='lat' dir='ltr'><strong>quod</strong></span> <span class='ocrx_word' id='word_1_156' title='bbox 731 2658 875 2722; x_wconf 76' lang='lat' dir='ltr'><strong>vindicta</strong></span> 
     </span>
    </p>

    <p class='ocr_par' dir='ltr' id='par_1_25' title="bbox 123 2755 1071 2838">
     <span class='ocr_line' id='line_1_26' title="bbox 123 2755 1071 2838; baseline 0 -16"><span class='ocrx_word' id='word_1_157' title='bbox 123 2778 220 2822; x_wconf 93' lang='lat' dir='ltr'><strong>nemo</strong></span> <span class='ocrx_word' id='word_1_158' title='bbox 233 2755 335 2838; x_wconf 88' lang='lat' dir='ltr'><strong>magis</strong></span> <span class='ocrx_word' id='word_1_159' title='bbox 347 2756 468 2838; x_wconf 86' lang='lat' dir='ltr'><strong>gaudet</strong></span> <span class='ocrx_word' id='word_1_160' title='bbox 482 2776 579 2838; x_wconf 91' lang='lat' dir='ltr'><strong>quam</strong></span> <span class='ocrx_word' id='word_1_161' title='bbox 592 2756 725 2819; x_wconf 77' lang='lat' dir='ltr'><strong>femina.</strong></span> <span class='ocrx_word' id='word_1_162' title='bbox 768 2776 827 2819; x_wconf 89' lang='lat' dir='ltr'><strong>cur</strong></span> <span class='ocrx_word' id='word_1_163' title='bbox 839 2759 948 2819; x_wconf 86' lang='lat' dir='ltr'><strong>tamen</strong></span> <span class='ocrx_word' id='word_1_164' title='bbox 960 2757 1020 2822; x_wconf 87' lang='lat' dir='ltr'><strong>hos</strong></span> <span class='ocrx_word' id='word_1_165' title='bbox 1032 2761 1071 2821; x_wconf 84' lang='lat' dir='ltr'><strong>tu</strong></span> 
     </span>
    </p>

    <p class='ocr_par' dir='ltr' id='par_1_26' title="bbox 123 2851 781 2937">
     <span class='ocr_line' id='line_1_27' title="bbox 123 2851 781 2937; baseline -0.006 -17"><span class='ocrx_word' id='word_1_166' title='bbox 123 2855 257 2920; x_wconf 82' lang='lat' dir='ltr'><strong>evasisse</strong></span> <span class='ocrx_word' id='word_1_167' title='bbox 271 2856 375 2937; x_wconf 88' lang='lat' dir='ltr'><strong>putes,</strong></span> <span class='ocrx_word' id='word_1_168' title='bbox 393 2851 472 2935; x_wconf 82' lang='lat' dir='ltr'><strong>quos</strong></span> <span class='ocrx_word' id='word_1_169' title='bbox 485 2853 549 2916; x_wconf 86' lang='lat' dir='ltr'><strong>diri</strong></span> <span class='ocrx_word' id='word_1_170' title='bbox 563 2853 689 2917; x_wconf 87' lang='lat' dir='ltr'><strong>conscia</strong></span> <span class='ocrx_word' id='word_1_171' title='bbox 701 2852 781 2918; x_wconf 81' lang='lat' dir='ltr'><strong>iacti</strong></span> 
     </span>
    </p>

    <p class='ocr_par' dir='ltr' id='par_1_27' title="bbox 124 2950 911 3018">
     <span class='ocr_line' id='line_1_28' title="bbox 124 2950 911 3018; baseline -0.003 -1"><span class='ocrx_word' id='word_1_172' title='bbox 124 2972 215 3018; x_wconf 89' lang='lat' dir='ltr'><strong>mens</strong></span> <span class='ocrx_word' id='word_1_173' title='bbox 228 2951 325 3015; x_wconf 85' lang='lat' dir='ltr'><strong>habet</strong></span> <span class='ocrx_word' id='word_1_174' title='bbox 338 2950 493 3014; x_wconf 88' lang='lat' dir='ltr'><strong>attonitos</strong></span> <span class='ocrx_word' id='word_1_175' title='bbox 506 2954 539 3014; x_wconf 87' lang='lat' dir='ltr'><strong>et</strong></span> <span class='ocrx_word' id='word_1_176' title='bbox 552 2952 649 3015; x_wconf 89' lang='lat' dir='ltr'><strong>surdo</strong></span> <span class='ocrx_word' id='word_1_177' title='bbox 662 2951 792 3014; x_wconf 79' lang='lat' dir='ltr'><strong>verbere</strong></span> <span class='ocrx_word' id='word_1_178' title='bbox 806 2951 911 3016; x_wconf 87' lang='lat' dir='ltr'><strong>caedit</strong></span> 
     </span>
    </p>

    <p class='ocr_par' dir='ltr' id='par_1_28' title="bbox 123 3047 925 3131">
     <span class='ocr_line' id='line_1_29' title="bbox 123 3047 925 3131; baseline -0.004 -16"><span class='ocrx_word' id='word_1_179' title='bbox 123 3050 290 3115; x_wconf 85' lang='lat' dir='ltr'><strong>occultum</strong></span> <span class='ocrx_word' id='word_1_180' title='bbox 304 3047 469 3130; x_wconf 83' lang='lat' dir='ltr'><strong>quatiente</strong></span> <span class='ocrx_word' id='word_1_181' title='bbox 481 3048 590 3112; x_wconf 89' lang='lat' dir='ltr'><strong>animo</strong></span> <span class='ocrx_word' id='word_1_182' title='bbox 603 3051 723 3112; x_wconf 89' lang='lat' dir='ltr'><strong>tortore</strong></span> <span class='ocrx_word' id='word_1_183' title='bbox 738 3049 925 3131; x_wconf 76' lang='lat' dir='ltr'><strong>flagellum?</strong></span> 
     </span>
    </p>

    <p class='ocr_par' dir='ltr' id='par_1_29' title="bbox 123 3145 914 3232">
     <span class='ocr_line' id='line_1_30' title="bbox 123 3145 914 3232; baseline -0.003 -20"><span class='ocrx_word' id='word_1_184' title='bbox 123 3166 227 3232; x_wconf 87' lang='lat' dir='ltr'><strong>poena</strong></span> <span class='ocrx_word' id='word_1_185' title='bbox 240 3148 350 3209; x_wconf 88' lang='lat' dir='ltr'><strong>autem</strong></span> <span class='ocrx_word' id='word_1_186' title='bbox 364 3145 534 3211; x_wconf 74' lang='lat' dir='ltr'><strong>vehemens</strong></span> <span class='ocrx_word' id='word_1_187' title='bbox 547 3166 584 3210; x_wconf 91' lang='lat' dir='ltr'><strong>ac</strong></span> <span class='ocrx_word' id='word_1_188' title='bbox 597 3146 702 3210; x_wconf 90' lang='lat' dir='ltr'><strong>multo</strong></span> <span class='ocrx_word' id='word_1_189' title='bbox 715 3145 837 3211; x_wconf 82' lang='lat' dir='ltr'><strong>saevior</strong></span> <span class='ocrx_word' id='word_1_190' title='bbox 848 3146 914 3210; x_wconf 87' lang='lat' dir='ltr'><strong>illis</strong></span> 
     </span>
    </p>

    <p class='ocr_par' dir='ltr' id='par_1_30' title="bbox 124 3243 1028 3330">
     <span class='ocr_line' id='line_1_31' title="bbox 124 3243 1028 3330; baseline 0 -20"><span class='ocrx_word' id='word_1_191' title='bbox 124 3266 204 3330; x_wconf 89' lang='lat' dir='ltr'><strong>quas</strong></span> <span class='ocrx_word' id='word_1_192' title='bbox 217 3247 252 3311; x_wconf 87' lang='lat' dir='ltr'><strong>et</strong></span> <span class='ocrx_word' id='word_1_193' title='bbox 266 3243 433 3309; x_wconf 76' lang='lat' dir='ltr'><strong>Caedicius</strong></span> <span class='ocrx_word' id='word_1_194' title='bbox 446 3244 551 3328; x_wconf 85' lang='lat' dir='ltr'><strong>gravis</strong></span> <span class='ocrx_word' id='word_1_195' title='bbox 565 3244 691 3309; x_wconf 79' lang='lat' dir='ltr'><strong>invenit</strong></span> <span class='ocrx_word' id='word_1_196' title='bbox 704 3249 739 3308; x_wconf 90' lang='lat' dir='ltr'><strong>et</strong></span> <span class='ocrx_word' id='word_1_197' title='bbox 752 3245 1028 3324; x_wconf 85' lang='lat' dir='ltr'><strong>Rhadamanthus,</strong></span> 
     </span>
    </p>

    <p class='ocr_par' dir='ltr' id='par_1_31' title="bbox 123 3341 921 3426">
     <span class='ocr_line' id='line_1_32' title="bbox 123 3341 921 3426; baseline -0.003 -18"><span class='ocrx_word' id='word_1_198' title='bbox 123 3347 218 3410; x_wconf 83' lang='lat' dir='ltr'><strong>nocte</strong></span> <span class='ocrx_word' id='word_1_199' title='bbox 232 3341 348 3424; x_wconf 76' lang='lat' dir='ltr'><strong>dieque</strong></span> <span class='ocrx_word' id='word_1_200' title='bbox 362 3362 458 3406; x_wconf 89' lang='lat' dir='ltr'><strong>sunm</strong></span> <span class='ocrx_word' id='word_1_201' title='bbox 471 3346 593 3425; x_wconf 87' lang='lat' dir='ltr'><strong>gestare</strong></span> <span class='ocrx_word' id='word_1_202' title='bbox 606 3342 643 3405; x_wconf 88' lang='lat' dir='ltr'><strong>in</strong></span> <span class='ocrx_word' id='word_1_203' title='bbox 655 3346 783 3426; x_wconf 89' lang='lat' dir='ltr'><strong>pectore</strong></span> <span class='ocrx_word' id='word_1_204' title='bbox 796 3346 921 3408; x_wconf 85' lang='lat' dir='ltr'><strong>testem.</strong></span> 
     </span>
    </p>

    <p class='ocr_par' dir='ltr' id='par_1_32' title="bbox 122 3439 837 3525">
     <span class='ocr_line' id='line_1_33' title="bbox 122 3439 837 3525; baseline -0.004 -17"><span class='ocrx_word' id='word_1_205' title='bbox 122 3443 284 3525; x_wconf 81' lang='lat' dir='ltr'><strong>Spartano</strong></span> <span class='ocrx_word' id='word_1_206' title='bbox 297 3439 427 3505; x_wconf 87' lang='lat' dir='ltr'><strong>cuidam</strong></span> <span class='ocrx_word' id='word_1_207' title='bbox 441 3440 606 3524; x_wconf 88' lang='lat' dir='ltr'><strong>respondit</strong></span> <span class='ocrx_word' id='word_1_208' title='bbox 620 3440 737 3522; x_wconf 86' lang='lat' dir='ltr'><strong>Pythia</strong></span> <span class='ocrx_word' id='word_1_209' title='bbox 750 3444 837 3505; x_wconf 86' lang='lat' dir='ltr'><strong>vates</strong></span> 
     </span>
    </p>

    <p class='ocr_par' dir='ltr' id='par_1_33' title="bbox 121 3537 1225 3622">
     <span class='ocr_line' id='line_1_34' title="bbox 121 3537 1225 3622; baseline -0.001 -17"><span class='ocrx_word' id='word_1_210' title='bbox 121 3540 205 3605; x_wconf 89' lang='lat' dir='ltr'><strong>haut</strong></span> <span class='ocrx_word' id='word_1_211' title='bbox 218 3537 411 3622; x_wconf 88' lang='lat' dir='ltr'><strong>inpunitum</strong></span> <span class='ocrx_word' id='word_1_212' title='bbox 424 3539 585 3622; x_wconf 88' lang='lat' dir='ltr'><strong>quondam</strong></span> <span class='ocrx_word' id='word_1_213' title='bbox 600 3538 670 3602; x_wconf 85' lang='lat' dir='ltr'><strong>iore</strong></span> <span class='ocrx_word' id='word_1_214' title='bbox 684 3539 771 3620; x_wconf 90' lang='lat' dir='ltr'><strong>quod</strong></span> <span class='ocrx_word' id='word_1_215' title='bbox 785 3538 950 3603; x_wconf 84' lang='lat' dir='ltr'><strong>dubitaret</strong></span> <span class='ocrx_word' id='word_1_216' title='bbox 1163 3541 1225 3604; x_wconf 77' lang='lat'><strong>200</strong></span> 
     </span>
    </p>

    <p class='ocr_par' dir='ltr' id='par_1_34' title="bbox 121 3635 849 3723">
     <span class='ocr_line' id='line_1_35' title="bbox 121 3635 849 3723; baseline -0.005 -20"><span class='ocrx_word' id='word_1_217' title='bbox 121 3636 308 3723; x_wconf 87' lang='lat' dir='ltr'><strong>depositum</strong></span> <span class='ocrx_word' id='word_1_218' title='bbox 321 3635 458 3701; x_wconf 77' lang='lat' dir='ltr'><strong>reticem</strong></span> <span class='ocrx_word' id='word_1_219' title='bbox 471 3640 504 3701; x_wconf 89' lang='lat' dir='ltr'><strong>et</strong></span> <span class='ocrx_word' id='word_1_220' title='bbox 517 3637 664 3700; x_wconf 79' lang='lat' dir='ltr'><strong>fraudem</strong></span> <span class='ocrx_word' id='word_1_221' title='bbox 679 3635 749 3701; x_wconf 90' lang='lat' dir='ltr'><strong>iure</strong></span> <span class='ocrx_word' id='word_1_222' title='bbox 763 3636 849 3700; x_wconf 88' lang='lat' dir='ltr'><strong>tueri</strong></span> 
     </span>
    </p>
   </div>
   <div class='ocr_carea' id='block_1_3' title="bbox 122 3733 932 3874">
    <p class='ocr_par' dir='ltr' id='par_1_35' title="bbox 122 3733 932 3874">
     <span class='ocr_line' id='line_1_36' title="bbox 122 3733 932 3874; baseline -0.004 -75"><span class='ocrx_word' id='word_1_223' title='bbox 122 3733 272 3800; x_wconf 86' lang='lat' dir='ltr'><strong>iurando.</strong></span> <span class='ocrx_word' id='word_1_224' title='bbox 284 3823 301 3874; x_wconf 53' lang='grc'><strong>7</strong></span> <span class='ocrx_word' id='word_1_225' title='bbox 317 3735 486 3814; x_wconf 85' lang='lat' dir='ltr'><strong>quaerebat</strong></span> <span class='ocrx_word' id='word_1_226' title='bbox 499 3734 586 3798; x_wconf 90' lang='lat' dir='ltr'><strong>enim</strong></span> <span class='ocrx_word' id='word_1_227' title='bbox 601 3754 680 3816; x_wconf 90' lang='lat' dir='ltr'><strong>quae</strong></span> <span class='ocrx_word' id='word_1_228' title='bbox 695 3733 838 3799; x_wconf 88' lang='lat' dir='ltr'><strong>numinis</strong></span> <span class='ocrx_word' id='word_1_229' title='bbox 851 3737 932 3798; x_wconf 85' lang='lat' dir='ltr'><strong>esset</strong></span> 
     </span>
    </p>
   </div>
   <div class='ocr_carea' id='block_1_4' title="bbox 0 0 1460 4284">
    <p class='ocr_par' dir='ltr' id='par_1_36' title="bbox 0 0 1460 4284">
     <span class='ocr_line' id='line_1_37' title="bbox 0 0 1460 4284; baseline 0 1"><span class='ocrx_word' id='word_1_230' title='bbox 0 0 1460 4284; x_wconf 95' lang='lat' dir='ltr'><strong> </strong></span> 
     </span>
    </p>
   </div>
  </div>
 </body>
</html>
