2909 4284
217 335 278 400 104
579 333 612 382 n.
637 331 734 381 rvrm
754 329 949 379 ranarius

215 507 290 554 mex
304 489 402 554 etiam
415 483 528 554 fractis
539 490 644 552 aetate
656 507 694 551 aa
708 485 833 552 Punioe
843 486 944 571 passis

215 587 337 672 proelia
350 587 400 652 vel
415 585 576 670 Pyrrhum
590 585 753 649 inmanem
766 585 954 668 gladiosque
966 583 1119 648 Melenos

215 685 347 749 tandem
359 702 419 767 pro
432 682 544 747 multis
558 682 611 745 vix
625 681 738 764 iugera
751 682 828 747 bina
838 683 999 746 dabantur

216 781 413 857 vulneribus,
428 800 547 844 mareas
559 779 638 844 hasa
651 779 820 862 unguinis
830 783 929 862 atque
941 779 1057 843 laberis

216 879 315 942 nuliis
328 879 396 942 risa
409 897 563 961 umquam
576 877 700 941 meritis
713 877 822 941 minor
833 882 893 941 ant
904 877 1049 958 ingratae

216 980 309 1041 eurta
322 977 400 1040 fldes
413 974 550 1058 patriam
571 974 735 1038 saturabat
747 974 896 1055 glaebula
907 973 984 1038 talis

215 1068 345 1145 patrem
358 1069 466 1152 ipsum
479 1071 675 1153 turbamque
690 1091 792 1148 nasae,
808 1091 875 1152 qua
886 1072 957 1134 ieta
969 1069 1096 1134 iaeabat

215 1181 298 1226 uxor
311 1167 345 1228 et
357 1165 499 1228 infantam
510 1165 668 1229 ludebant
681 1172 846 1248 quattuor,
861 1183 948 1228 unus

215 1260 360 1335 vernula,
375 1267 441 1324 tres
453 1260 587 1336 domini,
603 1263 658 1326 sed
672 1263 799 1344 magnis
810 1262 967 1326 iratribus
978 1261 1095 1324 horum

214 1376 236 1420 a
248 1357 356 1420 serobe
369 1356 419 1420 vel
433 1357 521 1421 suino
535 1358 744 1422 redeuntibus
756 1358 857 1423 altera
869 1377 949 1421 uena

215 1454 352 1536 amplior
364 1457 398 1518 et
410 1456 548 1537 grandes
559 1456 731 1519 fumabant
742 1456 889 1538 pultibus
902 1456 998 1518 ollaaz

215 1570 305 1615 nune
317 1552 433 1616 modus
444 1552 497 1617 hie
510 1553 580 1634 agri
593 1559 704 1616 uestro
716 1574 782 1616 non
795 1552 914 1616 suffieit
926 1552 1029 1616 hortu.

215 1648 291 1712 inde
304 1650 371 1713 rere
384 1651 537 1714 seelerum
552 1671 676 1726 causas,
691 1671 753 1714 nae
765 1652 860 1734 plura
872 1667 995 1714 venena

215 1744 346 1809 misenit
357 1751 417 1809 aut
428 1746 515 1810 ferro
528 1753 688 1828 grassatur
701 1748 828 1830 saepius
840 1747 945 1810 ullum

215 1841 375 1906 humanae
387 1843 505 1906 mentis
518 1843 633 1906 vitium
648 1865 745 1926 quam
758 1865 850 1909 saera
862 1844 981 1926 cupido

215 1938 368 2003 inmodici
382 1961 505 2004 census.
548 1961 623 2004 nam
637 1942 725 2005 dives
739 1941 795 2024 qui
809 1941 877 2004 fleri
892 1940 973 2015 vult,

215 2041 250 2098 et
263 2037 329 2100 aito
340 2037 412 2100 ruit
425 2038 509 2116 fieri3
531 2039 585 2101 sed
601 2058 682 2120 qnae
695 2039 874 2102 reverentia
885 2038 1006 2119 legum,

217 2133 288 2214 quis
302 2138 405 2198 metus
419 2138 476 2198 aut
489 2135 593 2218 pudor
606 2139 655 2198 est
667 2156 822 2218 nmquam
836 2134 1038 2218 properantis
1050 2136 1164 2198 avari?

218 2229 336 2294 ‘vivite
349 2232 491 2295 contenti
506 2232 620 2295 casulis
632 2236 666 2294 at
679 2232 814 2295 eollibns
826 2232 907 2307 istis,

215 2347 236 2389 ο
248 2328 360 2408 pneri’
376 2327 501 2392 Marsus
513 2329 638 2392 dieebet
651 2333 684 2391 at
698 2330 859 2392 Hernicus
872 2329 949 2392 olim

215 2423 432 2507 Vestinusque
446 2445 541 2488 senex
557 2425 691 2508 ‘panem
706 2447 897 2508 quaeramus
910 2433 1026 2505 aratro,

215 2519 272 2602 qni
286 2521 364 2584 satis
375 2525 423 2584 ast
437 2523 568 2599 mensis3
589 2522 723 2586 laudant
736 2524 798 2587 hon
811 2525 948 2588 numina
961 2525 1055 2600 ruris,

216 2635 353 2698 quorum
367 2637 426 2700 ope
440 2621 474 2681 et
486 2619 608 2683 anxilio
620 2623 730 2701 gratae
741 2625 815 2702 post
827 2641 947 2684 munus
960 2623 1076 2686 aristae

214 2713 411 2794 contingunt
424 2714 548 2778 homini
561 2716 678 2780 veteris
690 2717 821 2781 fastidia
835 2738 981 2800 quereus.

215 2807 263 2871 nil
277 2809 414 2873 vetitum
428 2811 538 2874 iecisse
552 2814 638 2876 volet
651 2834 748 2895 quem
761 2835 828 2879 non
843 2817 944 2898 pudet
956 2817 1023 2880 alte

214 2925 273 2988 per
285 2905 418 2987 glaeiem
432 2927 550 2990 perone
564 2910 640 2992 tegi,
657 2911 712 2992 qui
727 2918 908 2976 summovet
920 2933 1014 2976 euros

215 3003 352 3085 pellibus
364 3004 513 3068 inversisr
533 3007 700 3088 peregrina
713 3008 888 3092 ignotaque
901 3010 994 3074 nobis

215 3099 257 3162 ad
270 3100 372 3164 scelus
385 3106 481 3183 atque
493 3103 594 3176 naias,
611 3123 830 3187 quaecumque
843 3110 902 3182 eat,
918 3127 1065 3190 purpura
1077 3108 1197 3173 dneit’

214 3197 294 3260 haec
307 3197 356 3260 illi
370 3202 490 3262 veteres
503 3203 670 3281 praecepta
684 3201 873 3278 minoribus,
890 3207 924 3266 at
937 3224 1026 3268 nune

215 3297 289 3375 post
304 3295 400 3356 finem
413 3293 561 3356 autumni
576 3295 682 3358 media
695 3298 735 3360 de
748 3303 842 3363 noete
856 3301 1009 3382 supinum

216 3391 372 3454 clamosus
385 3390 531 3453 iuvenem
545 3395 636 3472 pater
649 3394 783 3457 excitata
800 3396 928 3479 ‘aeeipe
941 3418 1038 3474 aeras,

216 3487 329 3562 seribe,
344 3506 435 3570 puer,
451 3487 560 3568 vigile,
576 3507 685 3551 causas
697 3511 765 3570 age,
781 3495 910 3575 perlege
922 3495 1035 3560 rubras

216 3583 373 3646 maiorum
387 3583 481 3664 leges.
525 3585 693 3648 nutritam
706 3607 801 3668 pesae
814 3590 934 3667 libello,

216 3680 271 3741 sed
285 3683 383 3760 eaput
396 3678 554 3742 intantum
569 3680 653 3744 buxo
667 3702 821 3765 naresque
837 3687 955 3768 pilosas

216 3773 349 3837 adnotet
361 3778 395 3836 et
407 3775 543 3855 grandes
556 3775 690 3840 miretur
704 3779 833 3844 Imeliua
845 3783 925 3862 alam
