2909 4284
499 899 632 964 LIBER
659 898 863 976 QVARTVS
950 899 954 909 '

579 1093 723 1146 SATVBA
746 1092 772 1144 X

127 1257 288 1323 Omnibus
303 1256 339 1323 in
352 1256 455 1335 terris,
471 1277 552 1340 quae
565 1263 642 1321 sunt
655 1276 675 1320 a
689 1255 832 1322 Gadibus
843 1277 944 1340 usqua

126 1355 288 1434 Auroram
301 1357 335 1418 et
349 1353 493 1435 Gangen,
508 1354 602 1436 pauci
617 1354 780 1418 dinoscere
793 1359 927 1436 possunt

127 1470 203 1514 vers
215 1451 300 1514 boue
312 1454 409 1532 atque
422 1450 486 1513 illis
499 1452 639 1514 multum
653 1451 787 1524 divorsa,
803 1455 924 1515 remota

126 1547 244 1612 erroris
258 1548 384 1611 nebula.
428 1547 506 1629 quid
519 1547 605 1611 onim
620 1549 743 1612 ratione
756 1549 906 1612 timemus

127 1650 186 1711 aut
198 1645 372 1730 oupimus?
411 1645 491 1727 quid
505 1650 571 1708 tam
585 1646 699 1710 dextro
715 1647 797 1728 pede
809 1646 962 1726 oonoipis,
976 1649 1017 1710 ut
1027 1651 1062 1714 to

127 1748 262 1810 conatus
275 1763 341 1806 uon
355 1742 516 1824 poeniteat
529 1742 659 1824 votique
673 1743 818 1826 peraotii

128 1846 269 1906 avertem
282 1841 393 1903 domos
406 1843 489 1904 totas
503 1840 688 1922 optantibus
702 1839 779 1922 ipsis

128 1938 162 2001 di
176 1938 298 2002 faciles.
342 1937 489 2001 nocitura
501 1939 587 2018 toga,
603 1937 750 2001 nooiturs
763 1940 920 2020 petuntur

128 2034 261 2113 militia3
282 2041 406 2099 torrens
419 2034 546 2098 dioendi
559 2035 651 2117 eopia
664 2035 777 2098 multis

127 2136 161 2196 et
173 2153 232 2196 sua
245 2132 411 2196 mortifera
423 2134 472 2196 est
484 2131 646 2207 iaoundis,
663 2131 785 2196 viribus
797 2131 852 2196 ille

126 2231 266 2294 oonfisns
279 2229 375 2312 periit
387 2228 645 2310 admirandisque
658 2229 795 2305 laeortis,

125 2328 181 2393 md
194 2328 304 2410 plures
331 2325 594 2408 nimiaoongesta
606 2326 742 2409 pecunie
754 2347 832 2392 eura

125 2425 307 2506 strangulat
319 2428 353 2487 et
366 2427 484 2488 eunota
496 2443 674 2506 exuperans
687 2424 882 2506 patrimonia
894 2445 1007 2489 sensus

126 2525 250 2605 quanto
262 2520 423 2603 delphinis
436 2521 579 2585 ballaena
594 2520 781 2585 Britanniae
794 2521 906 2585 maior.

124 2619 325 2701 temporibus
338 2618 416 2682 diris
429 2618 531 2700 igitur
544 2618 695 2700 iussuque
709 2618 849 2682 Neronis

125 2715 312 2798 Longinum
325 2719 360 2778 et
373 2735 505 2796 magnos
519 2714 655 2778 Senecae
668 2715 855 2798 praedivitis
867 2716 977 2779 hortos

124 2812 242 2876 elausit
255 2815 289 2875 et
302 2812 445 2894 egregias
459 2812 688 2875 Interanorum
703 2811 826 2875 obsidet
838 2813 930 2874 aedes

124 2913 194 2974 tota
206 2909 334 2973 cohors:
355 2929 446 2972 rarus
459 2909 547 2972 venit
560 2908 596 2971 in
609 2913 761 2973 eenaoula
773 2909 874 2972 miles.

124 3027 227 3091 panea
239 3007 317 3070 lieet
329 3010 437 3090 portes
449 3007 574 3088 argenti
589 3007 715 3070 vaseula
727 3007 804 3089 puri

125 3109 220 3168 noote
233 3104 297 3167 iter
310 3104 479 3186 ingressus,
495 3104 639 3186 gladium
653 3108 849 3186 contumque
863 3105 989 3169 timebis

125 3207 158 3266 et
172 3205 277 3266 motae
290 3202 331 3265 ad
346 3202 456 3266 lunam
471 3202 645 3284 trepidabis
658 3202 851 3265 harundinis
864 3203 1024 3265 umbram:

124 3299 269 3364 cantabit
281 3319 401 3363 saeuus
414 3319 520 3363 eoram
534 3300 656 3362 latrone
671 3299 783 3363 viator.
948 3302 951 3306 ’

124 3398 231 3481 prima
242 3397 311 3461 iere
326 3401 399 3462 vota
411 3401 446 3461 et
458 3398 583 3461 ounotis
596 3397 763 3460 notissima
776 3397 906 3480 templis

125 3495 267 3570 divitiae,
283 3499 427 3560 oreseant
440 3499 480 3558 ut
493 3515 578 3577 opes,
594 3498 632 3558 nt
646 3494 786 3558 maxima
800 3499 868 3558 toto

125 3597 234 3658 nostra
247 3593 291 3656 sit
304 3613 377 3656 area
389 3594 471 3656 iero.
514 3592 568 3656 aad
583 3592 673 3655 nulla
687 3593 814 3655 aoonita
829 3591 987 3656 bibuntur

126 3690 294 3754 fictilibus:
316 3695 395 3752 tuno
408 3688 464 3753 illa
479 3689 567 3765 time,
583 3709 657 3753 oum
671 3688 786 3770 poeula
799 3708 904 3751 sumes

124 3790 286 3880 gemmata
298 3790 332 3849 et
345 3786 411 3849 lato
424 3785 573 3850 Setinum
587 3785 711 3848 ardebit
725 3786 760 3846 in
774 3804 862 3846 auro.
