2909 4284
577 337 711 388 sinsus
733 337 773 387 Vi

120 487 353 566 Gracchorum,
366 487 394 554 si
408 509 483 554 oum
497 488 623 572 magnis
637 489 816 554 virtutibus
829 489 938 575 adiere

119 588 243 668 pende
257 586 467 669 supercilium
482 591 516 650 et
529 605 681 652 numeres
694 587 731 651 in
745 587 822 651 doto
836 586 1029 671 triumphos

118 684 198 748 iolle
211 688 320 760 tuum,
337 703 461 768 precor,
479 683 698 748 Hannibalem
711 685 902 770 uiciumque
917 684 1098 768 Syphacem
1158 686 1220 751 lro

118 780 155 844 in
169 780 283 845 cusiris
297 784 331 845 ei
345 801 421 846 cum
434 785 506 846 loia
521 781 718 864 Carthagine
732 782 846 864 migra.

121 885 248 961 ‘percu
264 897 388 961 precor,
406 877 523 955 Paean,
540 882 574 944 ei
585 883 635 956 tu,
653 879 724 955 dea,
739 899 824 964 pono
837 879 998 962 sagittas,

118 975 167 1038 nil
180 974 275 1058 pueri
289 975 427 1055 iaciunt,
442 975 546 1059 ipsam
560 977 713 1060 configite
726 975 885 1042 meirem’

118 1071 288 1156 Amphion
302 1071 430 1137 elamat.
475 1075 531 1138 sed
546 1073 653 1138 Pueun
667 1074 834 1138 conirahit
844 1093 977 1154 aroum;

118 1169 242 1232 extulit
254 1189 332 1254 ergo
346 1189 458 1254 greges
472 1175 625 1235 natorum
639 1171 812 1255 ipsumque
825 1176 1005 1255 parentem,
1159 1173 1220 1239 wo

119 1267 200 1330 dum
215 1265 277 1331 sibi
291 1267 431 1332 nobilior
445 1267 590 1332 Latonae
606 1273 704 1352 genie
717 1268 848 1334 videtur

117 1368 219 1448 alque
232 1364 345 1429 eadem
358 1365 465 1430 scrofa
477 1365 583 1430 Niobe
597 1366 770 1432 fecundior
783 1366 865 1431 alba.

118 1481 202 1546 quae
216 1460 302 1526 lunii
316 1462 469 1546 gravitas,
485 1483 567 1548 quae
581 1464 697 1541 forma,
715 1469 755 1528 ut
768 1484 802 1528 so
816 1464 878 1528 tibi
891 1481 1019 1548 semper

117 1558 290 1643 imputet?
330 1557 428 1624 huius
443 1560 530 1624 enim
543 1560 608 1625 rari
622 1561 806 1645 summique
819 1561 971 1645 volupiae

117 1655 212 1720 nulla
221 1654 310 1733 honi,
327 1657 478 1741 quotiens
491 1657 600 1722 animo
615 1663 770 1743 corrupta
783 1659 923 1741 uperho
1159 1659 1220 1724 leo

116 1753 193 1836 plue
207 1752 293 1818 aloes
308 1774 407 1838 quam
420 1754 525 1819 mellis
539 1754 648 1821 hebet.
690 1755 764 1840 quie
779 1754 910 1820 deditus
924 1759 1037 1820 sutem
1104 1813 1107 1816 ,

118 1869 223 1934 usquo
256 1850 317 1915 deo
332 1855 391 1929 esi,
409 1856 529 1917 utnon
543 1852 633 1918 illam
647 1872 746 1936 quum
759 1852 913 1917 laudibus
926 1853 1033 1931 eliora,

117 1871 360 2032 horreuiinquo
374 1950 462 2013 diem
476 1949 618 2033 septenis
633 1950 740 2014 oderit
753 1949 871 2015 herisi

158 2045 319 2129 quaedam
331 2065 431 2130 parva
445 2047 587 2130 quidem,
604 2046 661 2112 sed
674 2068 743 2112 non
756 2048 926 2112 toleranda
938 2047 1074 2114 maritis.

115 2161 194 2206 uam
209 2142 289 2227 quid
302 2143 478 2220 rancidior,
495 2165 593 2229 quum
607 2145 695 2230 quod
709 2165 744 2210 se
757 2165 825 2210 non
838 2150 936 2229 putat
950 2146 1018 2211 ulla
1159 2148 1218 2212 leo

115 2241 295 2304 formosam
307 2240 370 2305 nisi
385 2259 468 2326 quse
482 2242 522 2305 de
537 2241 643 2306 Tusce
658 2243 817 2306 Graecula
830 2243 921 2307 iacta
934 2247 995 2321 ost,

117 2337 158 2401 de
175 2337 384 2402 Sulmonensi
397 2358 487 2403 mers
501 2339 681 2424 (iecropisl
710 2340 820 2405 omnia
834 2342 967 2418 Graeco,

115 2455 193 2498 curn
208 2433 252 2498 sit
266 2438 364 2519 turpe
377 2435 480 2519 magio
493 2436 614 2501 uostris
627 2437 753 2502 nescire
766 2437 906 2518 Lutineg

113 2531 179 2597 hoo
193 2551 343 2597 sermono
356 2538 489 2616 paveni,
504 2533 567 2599 hoc
581 2534 665 2599 irum
678 2535 799 2618 gaudio
811 2555 916 2615 curae,

112 2629 178 2695 hoc
193 2634 316 2694 euncia
329 2631 506 2695 offundunt
519 2630 621 2696 animi
635 2637 767 2697 secretu
814 2633 895 2718 quid
905 2631 1021 2701 ultra?
1159 2637 1220 2702 leo

114 2727 344 2791 concumbunt
359 2728 488 2793 Graeco.
535 2728 637 2793 donee
651 2733 763 2793 tumen
776 2729 840 2794 ieta
854 2730 994 2815 puellis:

112 2829 198 2888 tune
214 2817 324 2901 etiam,
338 2845 435 2909 quam
450 2830 559 2890 sextus
573 2831 607 2891 ei
621 2827 860 2910 octogensimus
874 2847 979 2894 annus

112 2922 236 3005 pulsat,
253 2921 361 2986 adhue
377 2921 526 2988 Graecei
557 2942 625 2987 non
639 2929 688 2987 eet
701 2924 757 2988 hio
771 2943 874 2988 eerrno
887 2924 1028 3008 pudicus

113 3019 150 3082 in
165 3019 287 3084 vetula.
332 3019 482 3103 quotiens
496 3020 654 3086 lascivum
669 3020 849 3087 intervenit
862 3021 946 3087 illud

113 3118 172 3198 (oi
187 3117 332 3199 καὶψιχή,
347 3116 444 3182 modo
458 3119 519 3182 ouh
532 3118 638 3183 lodice
648 3117 772 3183 relictio
1158 3123 1219 3186 leo

115 3217 220 3282 uteris
233 3216 270 3280 in
283 3216 391 3280 turba.
435 3215 523 3300 quod
538 3215 626 3280 enim
640 3237 707 3281 non
722 3217 844 3282 excitet
857 3215 982 3301 inguen

115 3335 180 3379 vox
194 3313 314 3380 blanda
327 3318 362 3378 et
374 3313 544 3397 nequem?
576 3313 698 3398 digitos
712 3314 821 3380 hebet.
866 3319 906 3379 ut
919 3319 1030 3380 temen
1044 3335 1155 3381 omnes

117 3411 290 3476 subsident
302 3411 433 3497 pinnae,
450 3411 538 3475 dicas
552 3410 632 3475 haec
647 3412 778 3476 mollius
793 3412 918 3476 Haemo

118 3529 314 3593 quamquam
329 3513 363 3573 ot
378 3509 596 3593 Carpophoro,
613 3508 713 3574 iacies
728 3514 787 3573 tua
801 3514 960 3593 conputat
973 3529 1085 3575 annos.

157 3606 186 3672 si
200 3606 262 3672 libi
275 3606 431 3691 legitimis
446 3612 575 3691 psoium
589 3606 802 3690 iunctamque
816 3607 945 3671 tabellis
1158 3609 1219 3672 200

119 3722 186 3768 non
200 3725 234 3769 ee
248 3709 426 3779 amaturus,
443 3703 585 3768 ducendi
600 3705 692 3768 nulla
707 3705 839 3769 videtur

120 3821 225 3884 cauea,
240 3821 305 3868 noo
318 3805 369 3867 esi
382 3820 483 3886 quaro
498 3821 610 3866 conam
625 3805 659 3866 ei
673 3808 838 3865 mustacea
852 3801 970 3886 perdes
