2909 4284
575 317 709 388 serens
730 335 771 386 rx

121 495 155 558 et
170 491 253 557 male
266 507 428 576 pereussas
442 487 575 554 textoris
587 486 715 572 peetine
730 486 815 554 (lulli

121 590 309 674 accipimus,
325 590 423 653 tenue
436 590 605 670 argentum
619 606 780 670 reneeqne
792 586 961 654 mundae.

120 693 191 754 fata
204 690 323 770 regunt
335 685 492 761 homines,
508 685 614 750 iutnm
627 688 676 749 est
689 687 723 750 et
735 685 882 769 partibus
894 685 961 751 illis

122 807 202 870 quas
215 787 304 851 ainus
316 783 492 849 ebseondit.
535 802 611 846 nam
626 782 653 846 ei
666 782 727 847 tibi
742 782 845 848 sidera
857 785 991 862 esunt,

122 886 172 949 nil
184 884 282 950 laniet
294 881 383 965 longi
398 901 546 946 mensura
558 880 725 962 inoognita
738 881 839 958 nervi,

120 982 269 1066 quamvis
282 985 314 1046 te
327 981 453 1044 nudum
467 979 631 1061 spumanti
646 979 743 1044 Virro
755 980 872 1045 labello

121 1079 241 1144 viderit
253 1083 286 1143 et
298 1077 433 1142 blandae
447 1077 597 1142 adsiduae
612 1077 791 1160 densaeque
805 1077 939 1144 neonae

121 1177 307 1254 sollieitent,
322 1177 405 1242 aaa
418 1177 473 1258 γὰρ
487 1175 637 1253 ἀφέληται
649 1171 735 1256 ἄνδρα
748 1174 873 1241 Amaia.

121 1277 210 1359 quod
224 1280 332 1340 tanmn
346 1275 480 1340 ulterius
494 1279 675 1340 monstrum
689 1295 787 1358 quam
800 1275 906 1341 mollis
918 1275 1057 1342 avarus?

123 1380 147 1410 ‘⁴
157 1375 237 1438 haee
250 1373 361 1451 tribui,
376 1372 493 1438 deinde
508 1372 564 1437 illa
577 1372 663 1450 dedi,
681 1393 755 1437 mox
767 1373 862 1458 plura
875 1373 981 1439 tulisti
989 1371 1014 1406 ”

119 1475 290 1554 computet
302 1474 336 1535 et
348 1474 448 1536 oevst.
490 1473 631 1553 ponatur
647 1470 799 1546 oulenlns,
815 1470 924 1535 adsint

120 1589 198 1633 oum
212 1569 320 1632 tabula
332 1568 439 1652 pueri3
461 1588 595 1631 numere
608 1567 753 1638 sestertia
766 1567 909 1651 quinque
1015 1595 1018 1600 ·

121 1665 271 1730 omnibns
284 1666 319 1730 in
332 1666 438 1741 rebus,
454 1669 666 1729 numerentur
679 1665 795 1729 deinde
808 1664 941 1730 labores.

120 1783 166 1827 an
178 1763 274 1827 laeile
286 1766 320 1827 et
332 1782 471 1847 pronum
484 1766 533 1826 est
546 1781 638 1844 agere
653 1761 740 1825 intra
753 1762 873 1826 eiecere
886 1781 1003 1846 penem

120 1860 305 1944 legitimum
318 1863 414 1942 atque
427 1859 495 1923 illie
507 1860 674 1924 hesternae
688 1862 988 1925 ooourrereeenset

121 1978 232 2024 servus
244 1957 306 2022 erit
319 1958 426 2021 minus
438 1956 494 2022 ille
508 1958 604 2021 miser
617 1957 672 2040 qui
687 1957 809 2022 foderit
824 1976 950 2040 egsum,

122 2075 221 2138 quam
234 2053 416 2131 dominum
438 2054 493 2117 sed
507 2057 545 2116 tu
559 2073 634 2117 sane
649 2057 797 2118 tenerum
811 2058 846 2117 et
858 2071 995 2137 puerum
1007 2056 1042 2119 te

121 2157 155 2217 et
168 2153 341 2235 pulchrum
354 2156 388 2216 et
400 2151 537 2233 dignum
551 2153 666 2234 cyatho
679 2151 828 2234 oaeloqne
841 2153 986 2236 petubas.

121 2269 178 2314 vos
190 2249 308 2315 humili
322 2249 496 2324 adseculae,
511 2267 568 2314 vos
581 2248 789 2332 indulgebitis
801 2268 956 2332 umquam

121 2348 250 2424 oultori,
266 2346 330 2411 iam
344 2367 404 2411 neo
417 2346 528 2410 morbo
541 2345 660 2411 donare
673 2347 802 2430 parati?

120 2465 163 2511 en
176 2443 231 2510 oui
244 2447 282 2508 tu
295 2441 430 2509 viridem
445 2444 628 2520 umbellam,
641 2443 694 2508 oni
708 2443 820 2508 anoina
832 2443 943 2508 mittas

120 2543 267 2626 grandia,
282 2542 398 2607 natalie
412 2542 559 2624 quotiens
572 2541 658 2604 redit
671 2545 730 2605 eut
742 2541 908 2605 medidnm
922 2559 979 2606 ver

120 2640 238 2723 incipit
251 2643 286 2703 et
298 2643 397 2704 strata
410 2637 534 2722 positus
547 2639 705 2721 longaque
719 2639 871 2703 cathedra

120 2756 256 2802 munera
268 2736 415 2801 femineis
429 2739 546 2800 tractu
558 2740 677 2800 secreta
690 2736 845 2800 kalendis.

120 2836 185 2912 dio,
202 2854 317 2918 passer,
333 2833 386 2898 oui
400 2837 451 2897 tot
463 2833 593 2909 montis,
608 2836 660 2897 tot
671 2833 803 2917 praedia
816 2851 921 2898 servas

121 2933 241 3015 Apule,
256 2935 307 2996 tot
319 2929 432 2996 milvos
445 2931 532 2995 intra
545 2934 603 2994 tna
616 2949 733 3014 pasena
745 2931 867 2995 lassost

121 3036 154 3094 te
169 3028 349 3094 Trifolinus
361 3047 437 3111 eger
448 3027 597 3093 leoundis
610 3028 730 3092 vitibus
746 3028 861 3111 implet

122 3130 368 3211 suspeetumque
381 3127 494 3209 iugum
509 3125 620 3190 Oumis
633 3129 666 3190 et
680 3125 807 3190 Gaurus
820 3125 969 3191 inanis-

122 3246 198 3290 nam
213 3225 284 3308 quis
296 3225 391 3309 plura
403 3224 480 3288 linit
491 3223 617 3289 victuro
631 3224 716 3289 dolia
729 3228 836 3289 musto
846 3226 902 3288 i-

123 3327 281 3407 qnantum
294 3326 363 3386 erat
375 3320 522 3386 exhausti
536 3322 661 3386 lumbos
674 3321 793 3387 donare
807 3321 934 3388 clientis

122 3419 285 3502 iugeribus
298 3420 433 3503 pauoisl
472 3419 629 3485 meliusne
641 3419 696 3484 hio
710 3419 847 3484 rusticus
861 3419 971 3485 intans

123 3539 198 3582 oum
210 3522 313 3582 matre
326 3521 360 3582 et
372 3517 486 3582 casulis
500 3521 534 3582 et
546 3517 711 3582 oonlusore
725 3518 839 3583 entello

123 3616 267 3698 eymbala
279 3615 437 3700 pulsantis
449 3616 591 3698 legatum
605 3615 661 3679 fiet
673 3614 794 3679 amici?

126 3713 323 3797 “improbus
336 3733 370 3778 es
383 3733 457 3778 oum
471 3712 573 3796 posuis
583 3712 606 3745 ’'
621 3711 676 3778 ait.
721 3713 778 3776 sed
792 3711 903 3796 pensio
916 3711 1034 3777 elamat

126 3811 149 3845 “
158 3811 290 3900 posoe,’'
306 3811 360 3877 sed
373 3810 514 3896 appellat
526 3829 607 3896 puer
620 3809 735 3875 uniens
749 3813 787 3874 ut
802 3809 990 3894 Polyphemi
