2909 4284
607 339 742 388 ΒΔΠΒΔ
763 340 803 390 Π

146 493 275 570 Maura,
292 491 469 557 Pudicitiae
484 495 623 556 veterem
637 511 710 556 cum
725 493 992 576 praeterituram.

144 592 298 656 noctibus
311 591 364 654 hic
377 594 505 673 ponunt
519 589 656 666 lecticas,
672 590 867 655 micturiunt
880 592 933 659 hic

144 689 348 772 effigiemque
362 689 438 752 deae
451 687 556 770 longis
569 688 758 771 siphonibus
770 689 908 773 implent

144 788 246 871 inque
261 786 344 850 vices
356 786 504 868 equitant
516 806 554 849 ac
567 786 661 852 Luna
674 791 756 852 teste
768 791 950 867 movantur,

144 886 223 950 indo
237 887 347 949 domos
360 886 494 948 abeunt:
515 889 553 946 tu
567 885 668 949 calcas
680 885 752 950 lucc
765 905 889 951 reversa

143 985 292 1066 coniugia
305 983 432 1046 urinam
447 1001 579 1064 magnos
593 984 719 1047 visurus
732 985 860 1048 amicos.

143 1086 224 1145 nota
237 1083 338 1146 bonae
352 1087 470 1146 secreta
483 1083 571 1158 deae,
587 1102 661 1145 cum
676 1082 757 1146 tibia
768 1082 895 1147 lumbos

143 1177 261 1244 incitat
274 1184 308 1244 et
320 1199 420 1243 corun
433 1180 554 1263 paritor
567 1179 703 1262 vinoque
717 1180 869 1243 feruutur

143 1278 302 1341 attonitae
316 1277 498 1360 crinemque
511 1281 620 1341 rolant
634 1277 825 1359 ululantque
838 1277 948 1361 Priapi

143 1375 323 1438 maenades.
368 1395 388 1438 o
401 1380 541 1458 quantus
555 1379 634 1438 tuuc
649 1374 713 1437 illis
726 1374 888 1438 montibus
900 1375 996 1440 ardor

142 1472 345 1548 concubitus,
362 1493 442 1554 quao
457 1493 516 1536 vox
530 1473 666 1536 saltante
679 1472 824 1548 libidine,
840 1476 980 1555 quantus

142 1568 199 1634 illc
214 1569 295 1633 meri
308 1571 424 1633 vetoris
438 1589 493 1652 per
506 1590 600 1633 crura
614 1569 776 1633 madentia
789 1574 924 1634 torrens.

141 1665 298 1730 lenonum
312 1668 443 1731 ancillas
457 1668 560 1750 posita
574 1667 704 1732 Saufeia
716 1687 833 1731 corona

142 1768 345 1847 provocatae
359 1765 446 1828 tollit
460 1764 628 1847 medentis
642 1763 782 1845 praemia
795 1784 901 1842 ooxao,

141 1862 213 1944 ipsa
227 1861 421 1926 Medullinae
436 1862 569 1925 fluctum
584 1861 731 1926 crisantis
743 1862 869 1940 adorat3

139 1959 252 2042 palma
264 1961 348 2024 inter
361 1960 506 2023 dominas
521 1961 623 2023 virtus
637 1959 797 2023 natalibus
809 1979 918 2043 aequa.

140 2056 188 2120 nil
205 2057 249 2122 ibi
265 2077 324 2140 por
336 2057 451 2121 ludum
465 2057 678 2131 simulabitur,
694 2057 803 2121 omnia
816 2057 895 2120 liant

139 2155 182 2218 ad
198 2174 320 2230 verum,
337 2156 452 2238 quibus
466 2155 593 2218 incendi
607 2155 671 2218 iam
685 2154 825 2236 frigidus
837 2173 914 2220 aevo

140 2252 428 2317 Laomedontiades
441 2257 474 2316 et
488 2252 631 2316 Nestoris
644 2252 758 2315 hirnea
769 2254 878 2335 possit

139 2353 222 2413 tuno
235 2351 367 2433 prurigo
381 2369 487 2414 morae
500 2350 671 2430 inpatieus,
686 2353 759 2413 tum
773 2349 894 2414 lamina
907 2349 1052 2433 simplex,

137 2467 177 2511 ao
191 2449 313 2530 pariter
326 2455 394 2512 toto
408 2448 562 2530 repetitus
576 2448 696 2512 clamor
709 2447 749 2511 ab
762 2452 856 2512 antro

141 2546 225 2608 ‘iam
242 2547 292 2608 las
304 2549 363 2621 ost,
378 2545 513 2609 admitte
526 2544 635 2608 viros)
677 2545 742 2609 iam
756 2545 876 2609 dormit
889 2545 1031 2609 adulter:

138 2643 197 2707 illa
210 2643 301 2707 iubet
314 2647 442 2725 sumpto
456 2643 602 2707 iuvenem
616 2662 784 2725 properare
797 2642 939 2720 oncu1103

138 2741 166 2804 si
182 2740 266 2804 nihil
280 2744 338 2816 est,
354 2740 452 2804 servis
466 2740 657 2818 incurritur3
678 2739 846 2804 abstuleris
859 2760 948 2822 apem

137 2857 314 2913 servorum,
331 2837 419 2901 venit
432 2841 465 2900 et
478 2837 656 2901 conductus
668 2838 833 2920 aquarius;
854 2837 908 2900 hio
921 2838 949 2901 si

139 2936 306 3018 quaeritur
318 2939 352 2999 et
365 2936 482 2999 desunt
496 2935 650 3011 homines,
666 2955 755 2999 mora
768 2936 858 2998 nulla
871 2934 1044 3018 peripsam

139 3054 205 3116 qno
219 3033 328 3097 minus
341 3032 490 3115 imposito
503 3033 631 3096 clunem
645 3032 827 3096 summittat
839 3032 944 3097 asello.

137 3135 238 3214 atque
251 3131 377 3195 utinam
390 3130 473 3194 ritus
486 3134 606 3194 veteres
619 3134 652 3193 et
664 3130 793 3213 publica
807 3131 921 3193 saltem

128 3230 192 3310 vhis
205 3228 327 3292 intacta
339 3227 432 3292 malis
443 3232 613 3310 agerentur
627 3247 724 3303 sacra,
740 3228 795 3292 sed
810 3248 919 3291 omnes

136 3329 301 3390 noverunt
315 3325 420 3390 Mauri
433 3329 530 3407 atque
545 3325 619 3388 Indi
633 3344 714 3406 quae
728 3325 860 3408 psaltria
872 3345 987 3409 penem

137 3423 303 3499 maiorem,
320 3443 415 3504 quam
429 3427 506 3486 sunt
518 3424 584 3487 duo
598 3423 740 3486 (lassaris
752 3423 971 3500 Anticatones,

136 3521 229 3596 illue,
245 3520 386 3584 testiculi
400 3521 459 3584 sibi
473 3520 617 3584 conscius
632 3522 717 3584 unda
730 3520 818 3603 fugit
831 3541 914 3596 mus,

136 3618 299 3694 intulerit,
315 3619 371 3683 ubi
385 3618 480 3683 velari
495 3619 623 3701 pictura
637 3619 766 3682 iubetur
1177 3624 1238 3688 340

136 3722 359 3800 quaecumque
372 3717 503 3780 alterius
516 3735 609 3779 sexus
622 3715 748 3780 imitata
761 3718 887 3798 figuras

135 3821 172 3881 et
186 3815 258 3897 quis
273 3820 352 3878 tunc
365 3813 533 3878 hominum
546 3817 749 3896 contemptor
762 3813 929 3878 numinis?
968 3819 1027 3880 aut
1039 3816 1112 3897 quis
