2909 4284
599 295 733 347 dmm
754 295 778 347 X
1196 312 1236 383 75

131 404 135 411 Ι
177 448 335 516 bellorum
348 447 489 529 exuviae,
504 448 897 536 truncisaddxatropssis

135 547 234 612 lorica
247 552 281 612 et
293 551 396 614 tracta
408 550 449 613 de
462 548 582 613 casside
595 549 731 614 buccula
744 549 887 632 pendens

134 652 169 710 et
181 651 312 711 curtum
326 651 452 712 temone
466 647 579 728 iugum
593 647 759 730 victaeque
773 647 911 711 triremis
1177 650 1237 712 lto

135 748 277 829 aplustre
291 750 324 810 et
336 767 462 809 summo
475 746 576 809 tristis
590 747 736 829 captivus
749 747 783 810 in
798 765 874 810 arcu

107 850 110 862 “
134 843 286 907 humenis
300 843 419 908 maiora
432 843 522 907 bonis
534 845 721 907 creduntur.
764 843 805 908 ad
818 843 880 907 hoc
891 862 925 907 se

135 941 299 1005 Romnum
314 942 490 1024 Graiusque
504 944 538 1006 et
550 943 703 1006 barbarus
717 942 925 1023 induperator

134 1038 246 1115 erexit,
263 1059 372 1103 causas
384 1039 579 1105 discriminis
591 1044 689 1124 atque
702 1039 819 1104 laboris

134 1133 353 1215 indehabuit3
374 1141 466 1201 tanto
479 1136 952 1220 maiortamaesitisestquam
1176 1136 1238 1202 140

134 1233 274 1298 virtutis
320 1235 391 1317 quis
403 1235 491 1300 enim
504 1235 660 1301 virtutem
673 1235 880 1317 amplectitur
892 1234 1004 1317 ipsam,

134 1331 275 1414 praemia
289 1331 316 1395 si
329 1333 448 1396 tollas?
487 1334 625 1416 patriam
638 1337 748 1396 tumen
761 1331 870 1396 obruit
882 1329 961 1395 olim

134 1427 235 1508 gloria
247 1449 423 1511 paucorum
436 1432 470 1495 st
483 1431 587 1494 laudis
599 1431 753 1513 titulique
766 1429 885 1512 cupido

134 1525 261 1590 haesuri
275 1527 357 1591 saxia
370 1527 514 1592 cinerum
527 1529 723 1604 custodibus,
738 1529 779 1592 ad
794 1546 874 1610 quae

134 1623 335 1688 discutienda
347 1624 456 1689 valent
468 1625 583 1690 sterilia
597 1627 681 1690 mala
694 1626 807 1690 robora
820 1625 883 1701 ilci,

134 1721 395 1804 quandoquidem
408 1723 484 1788 data
497 1730 574 1786 suut
586 1723 664 1806 ipsis
678 1743 805 1806 quoque
818 1722 887 1786 tata
899 1721 1063 1804 sepulcris.

133 1819 277 1902 expende
291 1820 521 1884 Hannibalem:
543 1824 622 1904 quot
635 1821 731 1885 libras
744 1821 779 1884 in
793 1820 876 1884 duce
888 1838 1014 1882 summo

133 1914 301 1980 invenies?
339 1916 394 1981 hic
406 1924 466 1993 sat,
482 1937 577 1999 quem
591 1937 657 1982 non
671 1917 758 2000 capit
771 1916 884 1981 Africa
897 1915 1010 1979 Mauro

132 2032 282 2096 percussa
295 2035 413 2078 cosano
426 2014 565 2097 Niloque
578 2016 707 2080 admota
721 2014 844 2098 tepenti

132 2128 244 2176 rursus
256 2111 298 2174 ad
311 2112 508 2195 Aethiopum
522 2112 657 2196 populos
668 2113 810 2195 aliosque
824 2112 1035 2196 elephantos?

131 2208 266 2272 additur
278 2209 421 2292 imperiis
434 2210 601 2293 Hispania,
619 2212 818 2293 Pyrenaeum
1097 2206 1099 2209 ’

131 2307 285 2370 transilit.
328 2307 478 2390 opposuit
490 2311 606 2372 nature
619 2309 801 2392 Alpemque
815 2307 1002 2390 niuemque:

131 2401 260 2468 diducit
273 2404 417 2487 scopulos
429 2409 463 2470 et
475 2409 617 2469 montem
631 2406 756 2488 rumpit
768 2409 870 2469 aceto.

131 2501 198 2566 iarn
211 2504 301 2565 tonet
314 2501 452 2578 Italiam,
468 2506 577 2567 tumen
590 2503 677 2566 ultra
689 2523 820 2586 pergere
834 2501 949 2567 tendit.
1063 2528 1070 2540 ·

134 2599 283 2662 ‘actum'
299 2599 406 2682 inquit
422 2599 524 2663 ‘nihil
537 2603 596 2676 est,
611 2601 674 2664 nisi
689 2599 798 2663 Poeno
811 2598 913 2662 milite
926 2601 1035 2681 portas

131 2695 314 2778 frangimus
327 2699 361 2760 et
374 2696 479 2760 media
491 2697 644 2761 vexillum
657 2716 744 2780 pono
758 2695 909 2760 Subura'

130 2813 152 2857 c
165 2793 269 2876 qualia
283 2792 379 2856 lasiae
392 2797 426 2856 et
439 2793 526 2876 quali
539 2794 638 2875 digne
652 2793 778 2869 tabella,

131 2911 207 2954 cum
222 2889 357 2954 Gaetula
370 2891 483 2954 ducem
497 2894 640 2973 portaret
652 2890 748 2955 belua
759 2890 896 2954 luscum.

131 2988 236 3051 exitus
249 3008 325 3069 ergo
339 2989 410 3072 quis
423 2990 495 3051 est?
535 3008 555 3052 o
567 2989 679 3071 gloria,
696 2987 838 3053 vincitur
850 2988 936 3052 idem

130 3105 247 3167 nempe
261 3086 343 3149 etin
356 3083 487 3149 exilium
501 3105 650 3168 praeceps
663 3086 751 3166 lugit
764 3090 861 3168 atque
873 3085 918 3149 ibi
933 3105 1069 3168 magnus

131 3184 359 3266 mirandusque
373 3183 471 3246 cliens
484 3185 572 3247 sedet
585 3185 625 3248 ad
640 3182 799 3266 praetoria
811 3182 905 3266 regia,

131 3283 232 3346 donec
247 3281 389 3362 Bithyno
403 3281 501 3345 libeat
513 3281 643 3364 vigilare
658 3285 806 3364 tyranno.

130 3380 229 3443 finem
243 3379 368 3442 animae
382 3399 461 3463 quae
475 3399 524 3442 res
537 3378 693 3443 humanas
706 3378 836 3443 miscuit
849 3379 936 3456 olim,

130 3498 196 3541 non
209 3476 321 3558 gladii,
337 3497 403 3540 non
418 3497 492 3541 saxa
505 3476 629 3540 dabunt
641 3498 700 3542 nec
714 3477 789 3554 tela,
805 3478 859 3541 ssd
873 3477 928 3542 ille

132 3576 317 3640 Cannarum
330 3575 446 3638 vindex
460 3577 493 3638 et
506 3574 590 3637 tanti
605 3575 769 3657 sauguinis
781 3573 868 3638 ultor

130 3675 257 3738 anulus.
301 3673 312 3735 i
326 3673 456 3736 demens
469 3677 503 3736 et
516 3693 621 3737 saeuas
634 3693 726 3736 curre
738 3691 797 3755 per
809 3671 919 3756 Alpes,

131 3779 168 3835 ut
180 3771 290 3856 pueris
302 3770 425 3853 placeas
438 3774 471 3834 et
485 3770 673 3835 declamatio
686 3771 754 3834 fias.
