2909 4284
591 347 724 400 ΒΑΠΕΑ
745 349 800 399 vn

144 501 219 586 quis
230 501 319 569 loeus
332 502 472 588 ingenio,
488 500 550 568 nisi
563 521 638 566 oum
651 521 684 566 se
698 501 841 566 earmina
853 501 921 567 solo

143 605 263 663 vexant
275 605 309 664 et
321 600 459 664 dominis
474 599 605 664 Cirrhae
619 601 787 682 Nysaeque
800 602 951 664 teruntur

142 702 275 780 pectora
288 702 390 761 restra
403 697 483 761 duas
495 718 561 762 non
575 699 780 762 admittentia
791 701 908 762 ouras?

143 813 279 877 magnae
292 795 409 858 mentis
422 814 502 878 opus
514 815 573 860 neo
585 797 625 860 de
638 795 742 860 lodioe
754 797 895 880 paranda

143 894 311 970 attonitae,
327 914 438 958 eurrua
452 900 486 958 et
498 914 596 977 equos
608 895 768 978 faciesque
781 896 913 959 deorum

143 992 283 1075 aspieere
296 996 330 1056 et
343 992 447 1074 qualis
460 992 619 1056 Rutulum
634 993 814 1058 contundat
826 991 953 1075 Erinys.

143 1110 221 1154 nam
234 1091 262 1154 si
275 1089 419 1173 Vergilio
432 1108 513 1174 puer
525 1095 559 1156 et
571 1091 735 1156 tolerabile
749 1093 853 1156 damet

122 1227 126 1233 ·
142 1189 332 1272 hospitium,
348 1189 499 1253 caderent
512 1209 623 1254 omnes
635 1210 656 1253 a
669 1189 812 1254 crinibus
825 1188 931 1271 hydri,

143 1287 241 1350 surde
254 1286 337 1350 nihil
350 1290 490 1370 gemeret
502 1307 597 1370 grave
610 1286 742 1352 bueina:
762 1287 920 1371 poscimus
933 1286 1028 1352 nteit

143 1403 212 1447 non
225 1384 331 1449 minor
343 1385 477 1468 antiquo
491 1386 660 1450 Rubrenus
674 1385 786 1467 Lappa
797 1384 966 1461 oothurno,

143 1482 238 1545 ouius
251 1486 285 1546 et
297 1482 433 1546 alveolos
445 1486 479 1548 et
492 1483 616 1548 laenam
629 1483 779 1566 pignerat
792 1482 934 1546 Atreus?

143 1599 212 1642 non
225 1579 322 1643 habet
334 1578 449 1644 intelix
462 1580 617 1644 Numitor
630 1580 717 1662 quod
731 1580 842 1643 mittat
854 1579 971 1644 amieo:

144 1676 321 1753 Quintillae
335 1677 422 1759 quod
434 1679 533 1742 donet
546 1677 653 1754 habet,
669 1697 728 1742 neo
741 1677 848 1742 detuit
860 1676 910 1740 illi

143 1774 233 1837 unde
245 1778 365 1838 emeret
378 1775 482 1838 multa
495 1775 690 1858 paseendum
703 1794 798 1839 earne
810 1774 935 1838 leonem

144 1872 210 1934 iam
223 1871 398 1950 domitum
419 1875 545 1935 oonetat
556 1870 667 1936 leviori
681 1872 776 1936 belua
788 1875 921 1953 sumptu

143 1966 300 2031 nimirum
313 1974 347 2032 et
359 1969 493 2052 oapiunt
505 1970 579 2052 plus
591 1968 746 2033 intestina
757 1972 878 2052 poetae.

144 2069 316 2129 eontentue
328 2066 415 2130 lama
428 2065 529 2130 iaoeat
542 2067 691 2130 Lucanus
705 2065 741 2130 in
754 2065 857 2131 hortis

143 2159 339 2235 marmoreis,
354 2164 389 2224 at
403 2159 538 2225 Serrano
551 2160 704 2244 tenuique
718 2160 822 2224 Saleio

143 2258 246 2339 gloria
259 2257 459 2341 quantalibet
472 2257 550 2341 quid
564 2256 637 2333 erit,
653 2258 680 2321 si
694 2257 796 2340 gloria
808 2261 937 2321 tantum
949 2258 1024 2322 est?

144 2353 287 2418 enrritnr
299 2355 341 2418 ad
354 2373 463 2419 rooern
477 2353 651 2418 ineundam
665 2358 698 2419 et
711 2373 839 2419 oarmen
852 2353 973 2418 amioae

144 2451 335 2528 Thebaidos,
350 2452 469 2515 laetum
481 2472 556 2516 eum
569 2452 649 2516 teoit
663 2451 786 2516 Statius
798 2452 912 2515 urbem

143 2548 353 2632 promisitque
367 2548 468 2627 diem3
489 2552 581 2613 tanta
594 2549 766 2613 dulcedine
778 2552 888 2631 oaptos

143 2646 255 2710 sdfieit
267 2645 322 2710 ille
334 2645 459 2710 animos
471 2649 624 2730 tantaque
636 2645 772 2710 libidine
785 2645 881 2728 uolgi¹

143 2743 290 2821 auditum
312 2744 366 2807 sed
380 2763 455 2807 eum
468 2744 568 2826 tregit
580 2743 728 2808 subsellia
740 2763 845 2818 remu,

143 2839 255 2916 esurit,
271 2840 426 2904 intactam
440 2840 549 2922 Paridi
563 2840 627 2904 nisi
640 2840 752 2905 rendit
765 2840 921 2923 Agavem'

142 2937 198 3000 ille
212 2940 247 2999 et
259 2936 394 3000 militiae
407 2936 520 3001 multia
532 2937 670 3020 largitur
683 2936 848 3013 honorem,

143 3033 310 3098 semenstri
323 3034 444 3116 digitos
456 3038 567 3098 vatum
581 3033 784 3117 circumligat
796 3055 883 3100 auro.

143 3132 229 3214 quod
243 3150 310 3195 non
323 3133 403 3196 dent
417 3151 571 3214 proeeres,
586 3132 677 3196 dabit
690 3131 814 3195 histrio.
858 3135 897 3196 tu
911 3132 1094 3197 Camerinos

143 3233 175 3293 et
189 3229 335 3305 Baream,
351 3232 388 3292 tu
402 3228 559 3294 nobilium
573 3247 691 3312 magna
702 3227 786 3293 atria
798 3231 915 3294 ouras?

142 3327 320 3409 praefectos
333 3326 468 3410 Pelopea
481 3325 572 3404 feeit,
588 3326 767 3391 Philomela
780 3327 937 3392 tribunos.

142 3423 224 3488 haut
237 3427 346 3488 tamen
359 3422 501 3488 invideas
514 3424 580 3497 ,reti
594 3444 690 3506 quem
704 3423 832 3507 pulpita
844 3428 991 3506 pasonnt.

143 3520 216 3602 quis
229 3520 289 3584 tibi
305 3521 480 3598 Maecenas,
497 3522 569 3605 quis
582 3542 670 3586 nuno
683 3521 746 3586 erit
758 3525 817 3585 aut
830 3521 1015 3586 Proculeius

141 3621 200 3682 aut
213 3617 356 3682 Fabius?
397 3619 580 3701 quisOotta
593 3619 723 3694 iterum,
740 3619 812 3702 quis
826 3619 984 3684 Lentulus
995 3619 1101 3684 alter?

142 3719 222 3778 tune
236 3734 294 3798 par
307 3715 438 3798 ingenio
451 3716 603 3798 pretium,
619 3722 699 3779 tuno
713 3715 795 3779 utile
807 3715 920 3780 multis

143 3811 260 3890 pallere
273 3815 308 3875 et
321 3812 434 3876 vinum
447 3816 516 3876 toto
529 3812 652 3877 nesoire
666 3811 835 3877 deeembri.
