2909 4284
587 339 720 398 SATVBA
742 347 812 396 vm

146 502 282 587 indulge
294 502 421 569 venium
435 498 558 585 puerist
579 500 757 565 Iatarauue
769 500 811 564 ad
824 499 897 564 illos

145 601 346 664 thermarum
360 599 472 664 calices
485 597 702 681 inscriptaque
717 598 817 662 lintea
830 596 918 662 uadit

146 703 294 761 maturus
307 697 392 762 bello
405 694 575 759 Armeniae
589 695 761 777 Syriaeque
775 695 904 759 tuendis

145 795 296 858 amnibus
308 797 343 858 et
356 794 470 858 Rheno
482 798 580 875 atque
595 792 717 857 Histro.
763 796 922 876 praestare
935 792 1097 856 Neronem

146 913 294 956 securum
309 892 393 956 valet
406 891 484 955 haee
497 895 592 954 astos.
636 891 731 954 mitto
747 890 847 966 Ostia,
864 889 987 964 anuur,

147 991 253 1065 mitte,
269 991 323 1054 uad
337 990 373 1053 in
386 1009 504 1072 magna
516 988 657 1071 legatum
672 1007 788 1070 quaere
800 987 935 1072 popinu3

54 1161 56 1168 ¹
145 1088 290 1152 invenies
303 1089 411 1171 aliquo
424 1107 499 1152 cum
513 1105 696 1170 percussore
715 1086 883 1162 iuuentem,

146 1185 344 1267 permixtum
358 1185 467 1249 nuntie
479 1188 512 1248 et
525 1183 653 1247 iuribus
666 1203 704 1247 ao
716 1180 875 1265 fugitivis,

147 1282 234 1345 inter
247 1283 409 1346 carnifices
422 1286 456 1345 et
468 1282 574 1344 labrou
587 1280 827 1363 sandapilarum

146 1385 181 1443 at
195 1381 370 1464 resupinati
384 1378 539 1444 cessantia
551 1381 705 1461 tympana
717 1377 804 1460 galli

147 1497 249 1560 aequa
262 1477 307 1541 ibi
320 1477 462 1552 libertus,
477 1474 661 1539 communia
673 1475 800 1558 poeula,
814 1475 917 1540 lectus

147 1595 214 1637 non
228 1574 311 1638 alius
324 1574 484 1658 cuiquam,
501 1593 560 1636 nac
574 1592 683 1636 mensa
696 1572 848 1635 remotior
860 1571 933 1636 ulli.

147 1672 228 1753 quid
241 1671 340 1735 iacias
352 1672 450 1735 talem
464 1671 606 1746 sortitus,
624 1669 769 1744 Pontice,
785 1671 936 1733 serrum?

146 1789 264 1852 nempe
277 1768 312 1831 in
327 1769 472 1832 Lucanos
484 1769 541 1831 aut
555 1767 659 1831 Tuscu
672 1766 833 1848 ergastula
845 1764 966 1829 mittas.

147 1873 184 1930 at
197 1885 262 1941 ros,
279 1865 489 1947 Troiugenas,
505 1863 594 1928 vobis
608 1862 785 1946 ignouoitiu,
801 1867 928 1946 atquae

147 1963 257 2046 turpia
270 1963 411 2038 cardoni,
427 1961 558 2026 Volesos
571 1962 776 2043 Brutumque
789 1961 958 2025 docebunt.

190 2060 268 2143 quid
283 2060 308 2123 si
323 2080 500 2143 numquam
513 2060 591 2123 adeo
604 2059 707 2124 foedis
719 2059 861 2142 adeoque
875 2057 1035 2142 pudendIs

148 2158 273 2223 utimur
286 2158 450 2241 exemplis,
466 2161 505 2220 ut
518 2177 582 2221 non
597 2156 706 2240 peiora
719 2156 905 2240 supersint?

147 2255 348 2338 consumptis
362 2255 476 2338 opibus
489 2273 609 2330 rocem,
626 2253 831 2337 Damasippo,
847 2252 958 2318 locasti

148 2352 276 2435 sipario,
293 2353 467 2415 clamosum
480 2369 588 2432 ugerae
601 2354 640 2413 ut
654 2350 792 2414 Phasma
807 2349 939 2414 (tatulli.

149 2450 342 2513 Laureolum
358 2448 447 2512 velox
461 2447 558 2511 etiam
571 2448 652 2511 bene
666 2447 825 2512 Lentulus
837 2447 915 2531 egit,

147 2547 255 2611 iudice
269 2567 320 2610 me
334 2545 452 2629 dignus
465 2564 539 2608 veru
552 2565 656 2608 cruce.
699 2565 760 2610 neo
774 2548 882 2610 tumen
895 2543 959 2628 ipsi

147 2646 294 2728 ignoscas
308 2644 441 2726 populo;
461 2643 574 2726 populi
587 2644 679 2707 trous
693 2643 805 2707 durior
818 2642 915 2706 huius

144 2742 205 2825 ¹qui
220 2743 308 2804 sedet
321 2744 354 2804 st
367 2745 489 2823 spectat
502 2740 666 2804 triscurria
678 2739 899 2824 patriciorum,

146 2839 335 2923 planipedes
347 2837 440 2900 audit
456 2837 581 2912 Fabios,
598 2837 701 2901 ridere
713 2841 820 2920 potest
833 2838 888 2920 qui

147 2937 384 3000 Mamercorum
397 2935 515 3017 alapas.
557 2935 671 3017 quanti
685 2955 743 2999 sua
755 2936 871 2999 tuneru
884 2936 1038 3012 rendunt,

147 3034 230 3117 quid
244 3036 367 3097 refert?
408 3033 553 3096 vendunt
566 3033 658 3096 nullo
671 3033 804 3114 cogente
818 3032 959 3107 Neroua,

146 3151 211 3195 neo
224 3129 376 3201 dubitant
389 3129 463 3193 celui
477 3129 632 3213 praetoris
644 3130 781 3193 vendere
795 3128 891 3192 ludis.

146 3229 237 3309 finge
251 3233 359 3290 tamen
373 3226 494 3308 gladios
506 3225 583 3290 inde
596 3230 693 3308 atque
706 3225 784 3288 hino
798 3225 925 3308 pulpita
937 3225 1027 3308 poni,

147 3325 230 3408 quid
244 3324 366 3388 satius?
406 3327 544 3388 mortem
558 3324 603 3387 sic
617 3324 787 3406 quisquam
801 3323 977 3405 exhorruit,
992 3327 1032 3387 ut
1044 3322 1087 3387 sit

146 3422 314 3503 zelotypus
328 3419 509 3503 Thymeles,
525 3420 647 3503 stupidi
660 3421 783 3503 collega
796 3419 970 3484 Corinthi?

145 3537 201 3584 res
213 3517 295 3582 haut
307 3517 390 3581 mira
402 3522 512 3583 tumen
525 3516 709 3583 citharoedo
721 3517 869 3601 principe
883 3517 1001 3580 mimus

144 3616 277 3683 nobilis.
319 3615 397 3679 haec
410 3614 497 3679 ultra
515 3615 592 3698 quid
606 3615 668 3679 erit
681 3615 744 3678 nisi
758 3616 877 3679 luduu?
918 3613 1030 3678 stillio

143 3715 289 3780 dedecus
301 3711 390 3776 urbis
402 3710 511 3788 habes,
527 3733 586 3777 neo
599 3713 815 3776 murmillonis
828 3712 861 3775 in
876 3710 973 3776 armis

144 3829 211 3877 neo
224 3810 328 3893 clipeo
342 3808 521 3872 Gracchum
536 3812 735 3891 pugnantem
749 3812 806 3871 aut
819 3808 901 3872 tulos
914 3806 1069 3890 supina-

1189 794 1249 856 lto
