<?xml version="1.0" encoding="UTF-8"?>
<!DOCTYPE html PUBLIC "-//W3C//DTD XHTML 1.0 Transitional//EN"
    "http://www.w3.org/TR/xhtml1/DTD/xhtml1-transitional.dtd">
<html xmlns="http://www.w3.org/1999/xhtml" xml:lang="en" lang="en">
 <head>
  <title>
</title>
<meta http-equiv="Content-Type" content="text/html;charset=utf-8" />
  <meta name='ocr-system' content='tesseract 3.04.00' />
  <meta name='ocr-capabilities' content='ocr_page ocr_carea ocr_par ocr_line ocrx_word'/>
</head>
<body>
  <div class='ocr_page' id='page_1' title='image "./saturarumlibriv00unkngoog_0116.png"; bbox 0 0 2909 4284; ppageno 0'>
   <div class='ocr_carea' id='block_1_1' title="bbox 615 319 982 370">
    <p class='ocr_par' dir='ltr' id='par_1_1' title="bbox 615 319 982 370">
     <span class='ocr_line' id='line_1_1' title="bbox 615 319 982 370; baseline 0.003 -1"><span class='ocrx_word' id='word_1_1' title='bbox 615 319 649 369; x_wconf 79' lang='lat' dir='ltr'><strong>D·</strong></span> <span class='ocrx_word' id='word_1_2' title='bbox 672 319 982 370; x_wconf 75' lang='lat' dir='ltr'><strong>1v1t111vvmn1s</strong></span> 
     </span>
    </p>
   </div>
   <div class='ocr_carea' id='block_1_2' title="bbox 598 865 994 949">
    <p class='ocr_par' dir='ltr' id='par_1_2' title="bbox 598 865 994 949">
     <span class='ocr_line' id='line_1_2' title="bbox 598 865 994 949; baseline 0.018 -7"><span class='ocrx_word' id='word_1_3' title='bbox 598 877 735 949; x_wconf 79' lang='lat' dir='ltr'><strong>umus</strong></span> <span class='ocrx_word' id='word_1_4' title='bbox 759 865 994 949; x_wconf 78' lang='lat' dir='ltr'><strong>snovunv&#39;s</strong></span> 
     </span>
    </p>
   </div>
   <div class='ocr_carea' id='block_1_3' title="bbox 552 1073 902 1146">
    <p class='ocr_par' dir='ltr' id='par_1_3' title="bbox 552 1073 902 1146">
     <span class='ocr_line' id='line_1_3' title="bbox 552 1073 902 1146; baseline 0.003 -16"><span class='ocrx_word' id='word_1_5' title='bbox 552 1143 553 1146; x_wconf 9' lang='lat' dir='ltr'><strong>g</strong></span> <span class='ocrx_word' id='word_1_6' title='bbox 687 1073 902 1132; x_wconf 68' lang='lat' dir='ltr'><strong>servusvr</strong></span> 
     </span>
    </p>
   </div>
   <div class='ocr_carea' id='block_1_4' title="bbox 243 1236 1155 2004">
    <p class='ocr_par' dir='ltr' id='par_1_4' title="bbox 246 1236 981 1322">
     <span class='ocr_line' id='line_1_4' title="bbox 246 1236 981 1322; baseline 0.003 -18"><span class='ocrx_word' id='word_1_7' title='bbox 246 1239 351 1304; x_wconf 78' lang='lat' dir='ltr'><strong>Credo</strong></span> <span class='ocrx_word' id='word_1_8' title='bbox 365 1236 563 1304; x_wconf 73' lang='lat' dir='ltr'><strong>Pudicitiam</strong></span> <span class='ocrx_word' id='word_1_9' title='bbox 578 1237 719 1304; x_wconf 84' lang='lat' dir='ltr'><strong>Saturno</strong></span> <span class='ocrx_word' id='word_1_10' title='bbox 734 1259 809 1322; x_wconf 87' lang='lat' dir='ltr'><strong>rege</strong></span> <span class='ocrx_word' id='word_1_11' title='bbox 819 1244 981 1306; x_wconf 87' lang='lat' dir='ltr'><strong>moratam</strong></span> 
     </span>
    </p>

    <p class='ocr_par' dir='ltr' id='par_1_5' title="bbox 244 1335 1090 1520">
     <span class='ocr_line' id='line_1_5' title="bbox 245 1335 1009 1422; baseline 0.005 -22"><span class='ocrx_word' id='word_1_12' title='bbox 245 1337 281 1400; x_wconf 90' lang='lat' dir='ltr'><strong>iu</strong></span> <span class='ocrx_word' id='word_1_13' title='bbox 295 1336 389 1402; x_wconf 85' lang='lat' dir='ltr'><strong>terris</strong></span> <span class='ocrx_word' id='word_1_14' title='bbox 402 1335 568 1418; x_wconf 88' lang='lat' dir='ltr'><strong>visamque</strong></span> <span class='ocrx_word' id='word_1_15' title='bbox 583 1335 651 1412; x_wconf 90' lang='lat' dir='ltr'><strong>din,</strong></span> <span class='ocrx_word' id='word_1_16' title='bbox 668 1356 745 1400; x_wconf 90' lang='lat' dir='ltr'><strong>oum</strong></span> <span class='ocrx_word' id='word_1_17' title='bbox 758 1337 880 1420; x_wconf 83' lang='lat' dir='ltr'><strong>lrigida</strong></span> <span class='ocrx_word' id='word_1_18' title='bbox 892 1358 1009 1422; x_wconf 82' lang='lat' dir='ltr'><strong>parvas</strong></span> 
     </span>
     <span class='ocr_line' id='line_1_6' title="bbox 244 1432 1090 1520; baseline 0.001 -21"><span class='ocrx_word' id='word_1_19' title='bbox 244 1434 413 1518; x_wconf 88' lang='lat' dir='ltr'><strong>praeberet</strong></span> <span class='ocrx_word' id='word_1_20' title='bbox 426 1432 581 1516; x_wconf 88' lang='lat' dir='ltr'><strong>spelunca</strong></span> <span class='ocrx_word' id='word_1_21' title='bbox 594 1434 706 1498; x_wconf 91' lang='lat' dir='ltr'><strong>domos</strong></span> <span class='ocrx_word' id='word_1_22' title='bbox 719 1434 894 1518; x_wconf 77' lang='lat' dir='ltr'><strong>ignemque</strong></span> <span class='ocrx_word' id='word_1_23' title='bbox 909 1435 1090 1520; x_wconf 77' lang='lat' dir='ltr'><strong>Laremque</strong></span> 
     </span>
    </p>

    <p class='ocr_par' dir='ltr' id='par_1_6' title="bbox 243 1531 1155 2004">
     <span class='ocr_line' id='line_1_7' title="bbox 243 1531 1104 1615; baseline 0.002 -19"><span class='ocrx_word' id='word_1_24' title='bbox 243 1535 279 1596; x_wconf 87' lang='lat' dir='ltr'><strong>et</strong></span> <span class='ocrx_word' id='word_1_25' title='bbox 292 1551 391 1615; x_wconf 87' lang='lat' dir='ltr'><strong>pecus</strong></span> <span class='ocrx_word' id='word_1_26' title='bbox 405 1535 440 1596; x_wconf 90' lang='lat' dir='ltr'><strong>et</strong></span> <span class='ocrx_word' id='word_1_27' title='bbox 453 1531 601 1596; x_wconf 89' lang='lat' dir='ltr'><strong>dominos</strong></span> <span class='ocrx_word' id='word_1_28' title='bbox 615 1531 781 1596; x_wconf 91' lang='lat' dir='ltr'><strong>communi</strong></span> <span class='ocrx_word' id='word_1_29' title='bbox 795 1532 963 1598; x_wconf 76' lang='lat' dir='ltr'><strong>clauderet</strong></span> <span class='ocrx_word' id='word_1_30' title='bbox 976 1535 1104 1610; x_wconf 85' lang='lat' dir='ltr'><strong>umbra,</strong></span> 
     </span>
     <span class='ocr_line' id='line_1_8' title="bbox 244 1630 1080 1696; baseline 0.001 -2"><span class='ocrx_word' id='word_1_31' title='bbox 244 1630 425 1696; x_wconf 76' lang='lat' dir='ltr'><strong>silvestrem</strong></span> <span class='ocrx_word' id='word_1_32' title='bbox 439 1632 595 1692; x_wconf 88' lang='lat' dir='ltr'><strong>montana</strong></span> <span class='ocrx_word' id='word_1_33' title='bbox 607 1633 718 1693; x_wconf 86' lang='lat' dir='ltr'><strong>torum</strong></span> <span class='ocrx_word' id='word_1_34' title='bbox 733 1649 809 1693; x_wconf 90' lang='lat' dir='ltr'><strong>oum</strong></span> <span class='ocrx_word' id='word_1_35' title='bbox 823 1632 983 1695; x_wconf 75' lang='lat' dir='ltr'><strong>sterneret</strong></span> <span class='ocrx_word' id='word_1_36' title='bbox 997 1650 1080 1695; x_wconf 85' lang='lat' dir='ltr'><strong>uxor</strong></span> 
     </span>
     <span class='ocr_line' id='line_1_9' title="bbox 244 1726 1002 1810; baseline 0 -18"><span class='ocrx_word' id='word_1_37' title='bbox 244 1727 416 1792; x_wconf 76' lang='lat' dir='ltr'><strong>troadibus</strong></span> <span class='ocrx_word' id='word_1_38' title='bbox 430 1730 464 1791; x_wconf 92' lang='lat' dir='ltr'><strong>et</strong></span> <span class='ocrx_word' id='word_1_39' title='bbox 475 1726 583 1790; x_wconf 90' lang='lat' dir='ltr'><strong>culmo</strong></span> <span class='ocrx_word' id='word_1_40' title='bbox 596 1726 842 1810; x_wconf 86' lang='lat' dir='ltr'><strong>vicinarumque</strong></span> <span class='ocrx_word' id='word_1_41' title='bbox 856 1727 1002 1792; x_wconf 83' lang='lat' dir='ltr'><strong>ierarum</strong></span> 
     </span>
     <span class='ocr_line' id='line_1_10' title="bbox 244 1822 1155 1909; baseline 0.002 -21"><span class='ocrx_word' id='word_1_42' title='bbox 244 1826 394 1909; x_wconf 85' lang='lat' dir='ltr'><strong>pellibus,</strong></span> <span class='ocrx_word' id='word_1_43' title='bbox 410 1825 493 1889; x_wconf 90' lang='lat' dir='ltr'><strong>haut</strong></span> <span class='ocrx_word' id='word_1_44' title='bbox 506 1823 620 1888; x_wconf 92' lang='lat' dir='ltr'><strong>similis</strong></span> <span class='ocrx_word' id='word_1_45' title='bbox 634 1824 707 1899; x_wconf 89' lang='lat' dir='ltr'><strong>tibi,</strong></span> <span class='ocrx_word' id='word_1_46' title='bbox 725 1824 878 1906; x_wconf 76' lang='lat' dir='ltr'><strong>Cynthia,</strong></span> <span class='ocrx_word' id='word_1_47' title='bbox 894 1845 955 1889; x_wconf 91' lang='lat' dir='ltr'><strong>nec</strong></span> <span class='ocrx_word' id='word_1_48' title='bbox 969 1825 1043 1902; x_wconf 86' lang='lat' dir='ltr'><strong>tibi,</strong></span> <span class='ocrx_word' id='word_1_49' title='bbox 1059 1822 1155 1890; x_wconf 87' lang='lat' dir='ltr'><strong>ouius</strong></span> 
     </span>
     <span class='ocr_line' id='line_1_11' title="bbox 244 1921 977 2004; baseline 0.001 -18"><span class='ocrx_word' id='word_1_50' title='bbox 244 1923 391 1987; x_wconf 81' lang='lat' dir='ltr'><strong>turbavit</strong></span> <span class='ocrx_word' id='word_1_51' title='bbox 404 1923 528 1986; x_wconf 92' lang='lat' dir='ltr'><strong>nitidos</strong></span> <span class='ocrx_word' id='word_1_52' title='bbox 542 1921 707 1985; x_wconf 86' lang='lat' dir='ltr'><strong>extinctus</strong></span> <span class='ocrx_word' id='word_1_53' title='bbox 722 1941 832 2004; x_wconf 86' lang='lat' dir='ltr'><strong>passer</strong></span> <span class='ocrx_word' id='word_1_54' title='bbox 847 1922 977 1999; x_wconf 88' lang='lat' dir='ltr'><strong>ocellos,</strong></span> 
     </span>
    </p>
   </div>
   <div class='ocr_carea' id='block_1_5' title="bbox 244 2018 1035 2107">
    <p class='ocr_par' dir='ltr' id='par_1_7' title="bbox 244 2018 1035 2107">
     <span class='ocr_line' id='line_1_12' title="bbox 244 2018 1035 2107; baseline 0.001 -23"><span class='ocrx_word' id='word_1_55' title='bbox 244 2021 301 2086; x_wconf 87' lang='lat' dir='ltr'><strong>sed</strong></span> <span class='ocrx_word' id='word_1_56' title='bbox 314 2020 458 2102; x_wconf 86' lang='lat' dir='ltr'><strong>potanda</strong></span> <span class='ocrx_word' id='word_1_57' title='bbox 472 2020 580 2107; x_wconf 76' lang='lat' dir='ltr'><strong>icrens</strong></span> <span class='ocrx_word' id='word_1_58' title='bbox 595 2018 779 2083; x_wconf 72' lang='lat' dir='ltr'><strong>infantibus</strong></span> <span class='ocrx_word' id='word_1_59' title='bbox 793 2020 893 2083; x_wconf 85' lang='lat' dir='ltr'><strong>ubera</strong></span> <span class='ocrx_word' id='word_1_60' title='bbox 907 2020 1035 2103; x_wconf 87' lang='lat' dir='ltr'><strong>magnis</strong></span> 
     </span>
    </p>
   </div>
   <div class='ocr_carea' id='block_1_6' title="bbox 241 2117 1177 3853">
    <p class='ocr_par' dir='ltr' id='par_1_8' title="bbox 243 2117 1061 2494">
     <span class='ocr_line' id='line_1_13' title="bbox 243 2117 1035 2202; baseline -0.001 -18"><span class='ocrx_word' id='word_1_61' title='bbox 243 2123 278 2184; x_wconf 88' lang='lat' dir='ltr'><strong>et</strong></span> <span class='ocrx_word' id='word_1_62' title='bbox 291 2138 386 2202; x_wconf 83' lang='lat' dir='ltr'><strong>saepe</strong></span> <span class='ocrx_word' id='word_1_63' title='bbox 399 2117 561 2182; x_wconf 86' lang='lat' dir='ltr'><strong>horridior</strong></span> <span class='ocrx_word' id='word_1_64' title='bbox 573 2117 726 2196; x_wconf 81' lang='lat' dir='ltr'><strong>glandem</strong></span> <span class='ocrx_word' id='word_1_65' title='bbox 740 2123 892 2182; x_wconf 88' lang='lat' dir='ltr'><strong>ructante</strong></span> <span class='ocrx_word' id='word_1_66' title='bbox 907 2119 1035 2184; x_wconf 90' lang='lat' dir='ltr'><strong>merito.</strong></span> 
     </span>
     <span class='ocr_line' id='line_1_14' title="bbox 244 2215 1061 2300; baseline 0.001 -21"><span class='ocrx_word' id='word_1_67' title='bbox 244 2216 365 2300; x_wconf 89' lang='lat' dir='ltr'><strong>quippe</strong></span> <span class='ocrx_word' id='word_1_68' title='bbox 379 2216 474 2280; x_wconf 90' lang='lat' dir='ltr'><strong>aliter</strong></span> <span class='ocrx_word' id='word_1_69' title='bbox 486 2219 567 2278; x_wconf 89' lang='lat' dir='ltr'><strong>tuno</strong></span> <span class='ocrx_word' id='word_1_70' title='bbox 582 2215 658 2278; x_wconf 89' lang='lat' dir='ltr'><strong>orbe</strong></span> <span class='ocrx_word' id='word_1_71' title='bbox 671 2235 756 2281; x_wconf 78' lang='lat' dir='ltr'><strong>novo</strong></span> <span class='ocrx_word' id='word_1_72' title='bbox 770 2216 922 2298; x_wconf 86' lang='lat' dir='ltr'><strong>caeloque</strong></span> <span class='ocrx_word' id='word_1_73' title='bbox 936 2216 1061 2281; x_wconf 87' lang='lat' dir='ltr'><strong>recenti</strong></span> 
     </span>
     <span class='ocr_line' id='line_1_15' title="bbox 243 2312 972 2395; baseline -0.003 -17"><span class='ocrx_word' id='word_1_74' title='bbox 243 2314 396 2378; x_wconf 80' lang='lat' dir='ltr'><strong>vivebant</strong></span> <span class='ocrx_word' id='word_1_75' title='bbox 410 2312 568 2388; x_wconf 88' lang='lat' dir='ltr'><strong>homines,</strong></span> <span class='ocrx_word' id='word_1_76' title='bbox 585 2312 642 2394; x_wconf 89' lang='lat' dir='ltr'><strong>qui</strong></span> <span class='ocrx_word' id='word_1_77' title='bbox 658 2317 757 2395; x_wconf 90' lang='lat' dir='ltr'><strong>rupto</strong></span> <span class='ocrx_word' id='word_1_78' title='bbox 771 2312 886 2376; x_wconf 88' lang='lat' dir='ltr'><strong>robore</strong></span> <span class='ocrx_word' id='word_1_79' title='bbox 900 2313 972 2377; x_wconf 88' lang='lat' dir='ltr'><strong>nati</strong></span> 
     </span>
     <span class='ocr_line' id='line_1_16' title="bbox 244 2409 999 2494; baseline 0 -19"><span class='ocrx_word' id='word_1_80' title='bbox 244 2410 455 2494; x_wconf 77' lang='lat' dir='ltr'><strong>compositive</strong></span> <span class='ocrx_word' id='word_1_81' title='bbox 468 2410 540 2473; x_wconf 89' lang='lat' dir='ltr'><strong>luto</strong></span> <span class='ocrx_word' id='word_1_82' title='bbox 554 2409 662 2474; x_wconf 90' lang='lat' dir='ltr'><strong>nullos</strong></span> <span class='ocrx_word' id='word_1_83' title='bbox 675 2409 819 2474; x_wconf 87' lang='lat' dir='ltr'><strong>habuere</strong></span> <span class='ocrx_word' id='word_1_84' title='bbox 832 2415 999 2493; x_wconf 66' lang='lat' dir='ltr'><strong>parentes²</strong></span> 
     </span>
    </p>

    <p class='ocr_par' dir='ltr' id='par_1_9' title="bbox 242 2507 955 2590">
     <span class='ocr_line' id='line_1_17' title="bbox 242 2507 955 2590; baseline 0.001 -20"><span class='ocrx_word' id='word_1_85' title='bbox 242 2509 348 2573; x_wconf 89' lang='lat' dir='ltr'><strong>multa</strong></span> <span class='ocrx_word' id='word_1_86' title='bbox 362 2507 544 2571; x_wconf 82' lang='lat' dir='ltr'><strong>Pudicitiae</strong></span> <span class='ocrx_word' id='word_1_87' title='bbox 558 2507 677 2570; x_wconf 87' lang='lat' dir='ltr'><strong>veteris</strong></span> <span class='ocrx_word' id='word_1_88' title='bbox 691 2507 829 2590; x_wconf 83' lang='lat' dir='ltr'><strong>vestigia</strong></span> <span class='ocrx_word' id='word_1_89' title='bbox 842 2507 955 2573; x_wconf 82' lang='lat' dir='ltr'><strong>iorsan</strong></span> 
     </span>
    </p>

    <p class='ocr_par' dir='ltr' id='par_1_10' title="bbox 242 2603 1177 2783">
     <span class='ocr_line' id='line_1_18' title="bbox 243 2603 1177 2687; baseline 0.001 -18"><span class='ocrx_word' id='word_1_90' title='bbox 243 2609 301 2670; x_wconf 87' lang='lat' dir='ltr'><strong>aut</strong></span> <span class='ocrx_word' id='word_1_91' title='bbox 314 2605 423 2687; x_wconf 87' lang='lat' dir='ltr'><strong>aliqua</strong></span> <span class='ocrx_word' id='word_1_92' title='bbox 437 2603 623 2667; x_wconf 86' lang='lat' dir='ltr'><strong>exstiterint</strong></span> <span class='ocrx_word' id='word_1_93' title='bbox 636 2607 671 2667; x_wconf 92' lang='lat' dir='ltr'><strong>et</strong></span> <span class='ocrx_word' id='word_1_94' title='bbox 684 2604 745 2667; x_wconf 90' lang='lat' dir='ltr'><strong>sub</strong></span> <span class='ocrx_word' id='word_1_95' title='bbox 760 2605 848 2680; x_wconf 79' lang='lat' dir='ltr'><strong>Iove,</strong></span> <span class='ocrx_word' id='word_1_96' title='bbox 865 2605 922 2668; x_wconf 89' lang='lat' dir='ltr'><strong>sed</strong></span> <span class='ocrx_word' id='word_1_97' title='bbox 936 2605 1014 2670; x_wconf 74' lang='lat' dir='ltr'><strong>Iove</strong></span> <span class='ocrx_word' id='word_1_98' title='bbox 1028 2603 1177 2670; x_wconf 88' lang='lat' dir='ltr'><strong>nondum</strong></span> 
     </span>
     <span class='ocr_line' id='line_1_19' title="bbox 242 2700 957 2783; baseline -0.001 -16"><span class='ocrx_word' id='word_1_99' title='bbox 242 2703 388 2777; x_wconf 86' lang='lat' dir='ltr'><strong>barbato,</strong></span> <span class='ocrx_word' id='word_1_100' title='bbox 403 2701 551 2766; x_wconf 90' lang='lat' dir='ltr'><strong>nondum</strong></span> <span class='ocrx_word' id='word_1_101' title='bbox 566 2700 695 2766; x_wconf 82' lang='lat' dir='ltr'><strong>Graccis</strong></span> <span class='ocrx_word' id='word_1_102' title='bbox 709 2701 817 2765; x_wconf 88' lang='lat' dir='ltr'><strong>iurare</strong></span> <span class='ocrx_word' id='word_1_103' title='bbox 831 2702 957 2783; x_wconf 86' lang='lat' dir='ltr'><strong>paratis</strong></span> 
     </span>
    </p>

    <p class='ocr_par' dir='ltr' id='par_1_11' title="bbox 241 2798 1045 3076">
     <span class='ocr_line' id='line_1_20' title="bbox 242 2798 1045 2883; baseline 0.001 -20"><span class='ocrx_word' id='word_1_104' title='bbox 242 2819 300 2883; x_wconf 85' lang='lat' dir='ltr'><strong>per</strong></span> <span class='ocrx_word' id='word_1_105' title='bbox 314 2802 414 2881; x_wconf 87' lang='lat' dir='ltr'><strong>ceput</strong></span> <span class='ocrx_word' id='word_1_106' title='bbox 427 2798 572 2875; x_wconf 87' lang='lat' dir='ltr'><strong>alterius,</strong></span> <span class='ocrx_word' id='word_1_107' title='bbox 589 2817 665 2863; x_wconf 92' lang='lat' dir='ltr'><strong>cum</strong></span> <span class='ocrx_word' id='word_1_108' title='bbox 678 2799 787 2862; x_wconf 82' lang='lat' dir='ltr'><strong>iurem</strong></span> <span class='ocrx_word' id='word_1_109' title='bbox 796 2818 897 2864; x_wconf 69' lang='lat' dir='ltr'><strong>‚nemo</strong></span> <span class='ocrx_word' id='word_1_110' title='bbox 913 2799 1045 2864; x_wconf 88' lang='lat' dir='ltr'><strong>timeret</strong></span> 
     </span>
     <span class='ocr_line' id='line_1_21' title="bbox 242 2895 1006 2978; baseline 0.001 -19"><span class='ocrx_word' id='word_1_111' title='bbox 242 2897 389 2960; x_wconf 88' lang='lat' dir='ltr'><strong>caulibus</strong></span> <span class='ocrx_word' id='word_1_112' title='bbox 403 2899 437 2960; x_wconf 90' lang='lat' dir='ltr'><strong>et</strong></span> <span class='ocrx_word' id='word_1_113' title='bbox 450 2895 567 2978; x_wconf 87' lang='lat' dir='ltr'><strong>pomis,</strong></span> <span class='ocrx_word' id='word_1_114' title='bbox 584 2901 618 2959; x_wconf 92' lang='lat' dir='ltr'><strong>et</strong></span> <span class='ocrx_word' id='word_1_115' title='bbox 631 2899 744 2978; x_wconf 82' lang='lat' dir='ltr'><strong>aperto</strong></span> <span class='ocrx_word' id='word_1_116' title='bbox 759 2896 884 2962; x_wconf 84' lang='lat' dir='ltr'><strong>viveret</strong></span> <span class='ocrx_word' id='word_1_117' title='bbox 898 2896 1006 2960; x_wconf 87' lang='lat' dir='ltr'><strong>horto.</strong></span> 
     </span>
     <span class='ocr_line' id='line_1_22' title="bbox 241 2993 1033 3076; baseline 0.003 -20"><span class='ocrx_word' id='word_1_118' title='bbox 241 2994 400 3076; x_wconf 83' lang='lat' dir='ltr'><strong>paulatim</strong></span> <span class='ocrx_word' id='word_1_119' title='bbox 415 2993 533 3056; x_wconf 88' lang='lat' dir='ltr'><strong>deinde</strong></span> <span class='ocrx_word' id='word_1_120' title='bbox 546 2993 589 3056; x_wconf 88' lang='lat' dir='ltr'><strong>cd</strong></span> <span class='ocrx_word' id='word_1_121' title='bbox 602 3013 735 3076; x_wconf 87' lang='lat' dir='ltr'><strong>superos</strong></span> <span class='ocrx_word' id='word_1_122' title='bbox 749 2994 886 3057; x_wconf 85' lang='lat' dir='ltr'><strong>Astraea</strong></span> <span class='ocrx_word' id='word_1_123' title='bbox 899 2993 1033 3058; x_wconf 88' lang='lat' dir='ltr'><strong>recessit</strong></span> 
     </span>
    </p>

    <p class='ocr_par' dir='ltr' id='par_1_12' title="bbox 241 3089 1119 3853">
     <span class='ocr_line' id='line_1_23' title="bbox 242 3089 1073 3173; baseline 0.002 -20"><span class='ocrx_word' id='word_1_124' title='bbox 242 3090 303 3153; x_wconf 91' lang='lat' dir='ltr'><strong>hao</strong></span> <span class='ocrx_word' id='word_1_125' title='bbox 317 3089 446 3166; x_wconf 90' lang='lat' dir='ltr'><strong>comite,</strong></span> <span class='ocrx_word' id='word_1_126' title='bbox 464 3093 562 3172; x_wconf 85' lang='lat' dir='ltr'><strong>atque</strong></span> <span class='ocrx_word' id='word_1_127' title='bbox 576 3090 659 3153; x_wconf 91' lang='lat' dir='ltr'><strong>duce</strong></span> <span class='ocrx_word' id='word_1_128' title='bbox 673 3091 796 3173; x_wconf 88' lang='lat' dir='ltr'><strong>pariter</strong></span> <span class='ocrx_word' id='word_1_129' title='bbox 810 3091 925 3172; x_wconf 80' lang='lat' dir='ltr'><strong>fugere</strong></span> <span class='ocrx_word' id='word_1_130' title='bbox 939 3110 1073 3155; x_wconf 87' lang='lat' dir='ltr'><strong>sorores.</strong></span> 
     </span>
     <span class='ocr_line' id='line_1_24' title="bbox 242 3187 1100 3265; baseline 0 -13"><span class='ocrx_word' id='word_1_131' title='bbox 242 3187 388 3252; x_wconf 87' lang='lat' dir='ltr'><strong>anticum</strong></span> <span class='ocrx_word' id='word_1_132' title='bbox 402 3191 436 3250; x_wconf 91' lang='lat' dir='ltr'><strong>et</strong></span> <span class='ocrx_word' id='word_1_133' title='bbox 450 3191 544 3250; x_wconf 87' lang='lat' dir='ltr'><strong>vetus</strong></span> <span class='ocrx_word' id='word_1_134' title='bbox 558 3189 607 3250; x_wconf 87' lang='lat' dir='ltr'><strong>est</strong></span> <span class='ocrx_word' id='word_1_135' title='bbox 620 3187 775 3265; x_wconf 87' lang='lat' dir='ltr'><strong>alienum,</strong></span> <span class='ocrx_word' id='word_1_136' title='bbox 794 3190 960 3264; x_wconf 85' lang='lat' dir='ltr'><strong>Postume,</strong></span> <span class='ocrx_word' id='word_1_137' title='bbox 976 3188 1100 3252; x_wconf 87' lang='lat' dir='ltr'><strong>lectum</strong></span> 
     </span>
     <span class='ocr_line' id='line_1_25' title="bbox 242 3283 1119 3366; baseline 0.003 -19"><span class='ocrx_word' id='word_1_138' title='bbox 242 3288 416 3348; x_wconf 86' lang='lat' dir='ltr'><strong>concutere</strong></span> <span class='ocrx_word' id='word_1_139' title='bbox 429 3286 529 3366; x_wconf 84' lang='lat' dir='ltr'><strong>atque</strong></span> <span class='ocrx_word' id='word_1_140' title='bbox 543 3283 625 3347; x_wconf 82' lang='lat' dir='ltr'><strong>seori</strong></span> <span class='ocrx_word' id='word_1_141' title='bbox 638 3285 772 3366; x_wconf 89' lang='lat' dir='ltr'><strong>genium</strong></span> <span class='ocrx_word' id='word_1_142' title='bbox 788 3292 995 3350; x_wconf 90' lang='lat' dir='ltr'><strong>contemnere</strong></span> <span class='ocrx_word' id='word_1_143' title='bbox 1010 3284 1119 3350; x_wconf 77' lang='lat' dir='ltr'><strong>inlati.</strong></span> 
     </span>
     <span class='ocr_line' id='line_1_26' title="bbox 241 3380 1065 3464; baseline 0.004 -19"><span class='ocrx_word' id='word_1_144' title='bbox 241 3401 337 3445; x_wconf 91' lang='lat' dir='ltr'><strong>omne</strong></span> <span class='ocrx_word' id='word_1_145' title='bbox 352 3381 442 3445; x_wconf 89' lang='lat' dir='ltr'><strong>alind</strong></span> <span class='ocrx_word' id='word_1_146' title='bbox 456 3380 579 3444; x_wconf 79' lang='lat' dir='ltr'><strong>crimen</strong></span> <span class='ocrx_word' id='word_1_147' title='bbox 593 3401 668 3444; x_wconf 87' lang='lat' dir='ltr'><strong>mox</strong></span> <span class='ocrx_word' id='word_1_148' title='bbox 681 3381 787 3446; x_wconf 82' lang='lat' dir='ltr'><strong>ierree</strong></span> <span class='ocrx_word' id='word_1_149' title='bbox 799 3383 940 3464; x_wconf 88' lang='lat' dir='ltr'><strong>protulit</strong></span> <span class='ocrx_word' id='word_1_150' title='bbox 952 3385 1065 3448; x_wconf 83' lang='lat' dir='ltr'><strong>aetas:</strong></span> 
     </span>
     <span class='ocr_line' id='line_1_27' title="bbox 241 3479 1014 3562; baseline 0.004 -19"><span class='ocrx_word' id='word_1_151' title='bbox 241 3479 395 3543; x_wconf 83' lang='lat' dir='ltr'><strong>viderunt</strong></span> <span class='ocrx_word' id='word_1_152' title='bbox 408 3479 530 3562; x_wconf 88' lang='lat' dir='ltr'><strong>primos</strong></span> <span class='ocrx_word' id='word_1_153' title='bbox 545 3483 698 3561; x_wconf 86' lang='lat' dir='ltr'><strong>argentea</strong></span> <span class='ocrx_word' id='word_1_154' title='bbox 711 3481 839 3544; x_wconf 83' lang='lat' dir='ltr'><strong>saecula</strong></span> <span class='ocrx_word' id='word_1_155' title='bbox 853 3481 1014 3546; x_wconf 88' lang='lat' dir='ltr'><strong>moechos.</strong></span> 
     </span>
     <span class='ocr_line' id='line_1_28' title="bbox 242 3578 1109 3660; baseline 0.003 -21"><span class='ocrx_word' id='word_1_156' title='bbox 242 3580 439 3640; x_wconf 86' lang='lat' dir='ltr'><strong>conventum</strong></span> <span class='ocrx_word' id='word_1_157' title='bbox 453 3581 564 3639; x_wconf 90' lang='lat' dir='ltr'><strong>tamen</strong></span> <span class='ocrx_word' id='word_1_158' title='bbox 579 3581 612 3639; x_wconf 89' lang='lat' dir='ltr'><strong>et</strong></span> <span class='ocrx_word' id='word_1_159' title='bbox 625 3581 760 3658; x_wconf 86' lang='lat' dir='ltr'><strong>pactum</strong></span> <span class='ocrx_word' id='word_1_160' title='bbox 774 3581 807 3640; x_wconf 90' lang='lat' dir='ltr'><strong>et</strong></span> <span class='ocrx_word' id='word_1_161' title='bbox 821 3578 983 3660; x_wconf 85' lang='lat' dir='ltr'><strong>sponsalia</strong></span> <span class='ocrx_word' id='word_1_162' title='bbox 996 3579 1109 3642; x_wconf 89' lang='lat' dir='ltr'><strong>nostre</strong></span> 
     </span>
     <span class='ocr_line' id='line_1_29' title="bbox 242 3672 1044 3757; baseline 0.004 -20"><span class='ocrx_word' id='word_1_163' title='bbox 242 3677 435 3754; x_wconf 87' lang='lat' dir='ltr'><strong>tempestate</strong></span> <span class='ocrx_word' id='word_1_164' title='bbox 450 3693 554 3755; x_wconf 90' lang='lat' dir='ltr'><strong>peras,</strong></span> <span class='ocrx_word' id='word_1_165' title='bbox 570 3672 699 3755; x_wconf 88' lang='lat' dir='ltr'><strong>iamque</strong></span> <span class='ocrx_word' id='word_1_166' title='bbox 713 3694 733 3736; x_wconf 86' lang='lat' dir='ltr'><strong>a</strong></span> <span class='ocrx_word' id='word_1_167' title='bbox 745 3681 875 3738; x_wconf 86' lang='lat' dir='ltr'><strong>tonsore</strong></span> <span class='ocrx_word' id='word_1_168' title='bbox 888 3675 1044 3757; x_wconf 82' lang='lat' dir='ltr'><strong>magistro</strong></span> 
     </span>
     <span class='ocr_line' id='line_1_30' title="bbox 242 3769 988 3853; baseline 0.003 -19"><span class='ocrx_word' id='word_1_169' title='bbox 242 3769 391 3853; x_wconf 81' lang='lat' dir='ltr'><strong>pecteris,</strong></span> <span class='ocrx_word' id='word_1_170' title='bbox 407 3775 443 3836; x_wconf 90' lang='lat' dir='ltr'><strong>et</strong></span> <span class='ocrx_word' id='word_1_171' title='bbox 456 3771 561 3853; x_wconf 81' lang='lat' dir='ltr'><strong>digito</strong></span> <span class='ocrx_word' id='word_1_172' title='bbox 574 3770 693 3853; x_wconf 87' lang='lat' dir='ltr'><strong>pignus</strong></span> <span class='ocrx_word' id='word_1_173' title='bbox 707 3771 844 3836; x_wconf 78' lang='lat' dir='ltr'><strong>fortasse</strong></span> <span class='ocrx_word' id='word_1_174' title='bbox 859 3772 988 3836; x_wconf 90' lang='lat' dir='ltr'><strong>dedisti.</strong></span> 
     </span>
    </p>
   </div>
   <div class='ocr_carea' id='block_1_7' title="bbox 0 0 1460 4284">
    <p class='ocr_par' dir='ltr' id='par_1_13' title="bbox 0 0 1460 4284">
     <span class='ocr_line' id='line_1_31' title="bbox 0 0 1460 4284; baseline 0 1"><span class='ocrx_word' id='word_1_175' title='bbox 0 0 1460 4284; x_wconf 95' lang='lat' dir='ltr'><strong> </strong></span> 
     </span>
    </p>
   </div>
  </div>
 </body>
</html>
