2909 4284
609 872 743 936 LIBER
770 868 965 948 QVINTVS

680 1081 829 1138 SATVRA
850 1079 921 1134 1111

255 1245 413 1334 Exemplo
426 1249 650 1334 quodcumque
663 1246 748 1312 malo
760 1245 987 1320 uommittitur,
1002 1241 1064 1326 ipsi

255 1347 402 1430 displicet
414 1346 547 1411 austeri.
591 1345 695 1428 prima
707 1347 757 1407 est
770 1343 849 1407 haso
861 1341 944 1406 ultio
958 1341 1044 1424 quod
1057 1358 1091 1402 se

255 1443 361 1508 indies
375 1463 468 1508 nemo
481 1463 598 1508 nooeus
611 1441 797 1517 absolvitur,
809 1439 956 1522 improba
967 1435 1116 1520 quamvis

255 1541 358 1624 gratia
371 1539 477 1604 tellaoi
490 1539 646 1624 praetoris
659 1537 771 1602 vicerit
784 1557 876 1601 nrua.

151 1652 158 1669 ¹
256 1637 333 1720 quid
348 1637 465 1701 sentire
478 1640 573 1720 putas
586 1655 706 1712 omues,
723 1635 867 1711 Celsine,
883 1632 1003 1698 reoenti

255 1737 295 1798 de
308 1735 423 1800 soelere
436 1737 471 1798 et
485 1733 558 1798 fidei
572 1734 706 1798 violatae
720 1733 879 1797 crimine?
918 1731 975 1796 sed
987 1748 1048 1794 neo

255 1836 322 1894 tem
337 1831 442 1895 tenuis
455 1851 567 1896 sensus
579 1830 639 1894 tibi
652 1830 801 1911 contigit,
817 1834 857 1893 nt
869 1827 1038 1892 mediocris

256 1927 394 1992 iaoturue
407 1932 440 1992 te
453 1933 576 2010 mergat
589 1947 680 2002 onus,
696 1947 757 1990 neo
771 1946 842 1991 rara
854 1927 1001 1991 videmus
1027 1941 1029 1945 ’

257 2044 336 2106 quae
349 2025 480 2108 paterio
501 2045 591 2088 nasus
604 2024 715 2086 multis
728 2025 783 2088 hio
795 2024 945 2105 cognitus
957 2042 995 2086 ao
1008 2021 1074 2084 iam

255 2122 353 2185 tritus
365 2125 398 2185 et
410 2142 428 2186 o
442 2121 547 2185 medio
561 2121 710 2185 fortunae
723 2122 842 2185 duetus
854 2139 978 2186 aoervo.

255 2237 411 2301 ponamus
422 2218 539 2284 nimios
551 2218 702 2299 gemitus.
745 2217 932 2300 flagrantior
943 2235 1047 2299 aequo

255 2334 321 2378 non
334 2314 428 2379 debet
441 2316 531 2378 dolor
543 2335 609 2378 esse
622 2315 683 2378 viri
697 2335 757 2378 neo
769 2315 901 2378 vulnere
914 2313 1027 2376 maior.

254 2415 293 2472 tu
307 2411 451 2491 quamvis
464 2411 584 2475 levium
597 2411 765 2474 minimam
778 2410 991 2492 exiguamque
1004 2411 1165 2474 malorum

253 2506 443 2588 particulam
456 2507 510 2570 vix
523 2508 608 2572 ferre
621 2511 711 2590 potes
724 2509 949 2591 spumantibus
962 2509 1077 2572 ardens

253 2602 435 2677 visoeribus,
451 2624 576 2666 sacrum
589 2603 649 2667 tibi
664 2606 750 2687 quod
765 2624 831 2667 non
844 2606 959 2668 reddat
971 2605 1096 2668 amicus

253 2691 458 2779 depositum?
498 2704 606 2782 stupet
619 2701 697 2764 haee
711 2702 768 2783 qui
782 2702 846 2764 iam
859 2706 934 2784 post
946 2705 1038 2782 terga
1050 2701 1186 2782 reliquit

253 2795 417 2874 sexaginta
429 2815 528 2859 annos
542 2797 677 2860 Fonteio
690 2799 820 2862 oonsnle
833 2800 954 2861 natus?

253 2911 294 2954 an
309 2889 391 2952 nihil
405 2890 439 2953 in
454 2892 568 2955 melius
581 2897 631 2956 tot
644 2914 751 2958 rerum
765 2895 892 2976 proficit
905 2898 993 2959 usu?
1020 2895 1030 2953 .“.

253 3005 370 3065 magua
383 2987 524 3067 quidem,
540 2989 635 3052 saeris
649 3010 731 3072 quae
746 2992 802 3055 dat
814 2997 983 3074 praesepta
995 2993 1125 3068 libellis,

253 3081 369 3145 viatrix
382 3081 531 3146 fortunae
545 3085 710 3165 sapientia,
726 3088 875 3152 ducimus
888 3093 998 3152 autem

253 3178 312 3240 hos
326 3195 452 3258 quoqne
465 3179 584 3254 ielioes,
601 3182 657 3262 qui
670 3184 755 3247 terre
769 3184 972 3250 incommoda
984 3186 1070 3251 vitae

253 3293 313 3337 neo
326 3272 441 3336 iactare
455 3273 569 3355 iugum
582 3276 650 3340 vita
663 3279 801 3344 didioere
814 3282 978 3364 magistra.

255 3389 335 3451 quae
349 3372 416 3430 tem
428 3370 511 3433 festa
524 3371 601 3446 dies,
617 3377 656 3435 nt
669 3380 768 3438 oesset
781 3380 915 3459 prodere
927 3381 1036 3444 furem

253 3464 420 3549 perfidiam
434 3466 562 3529 frendes
575 3473 671 3548 atque
685 3473 772 3534 omni
786 3494 825 3536 ex
839 3475 974 3539 crimine
987 3476 1118 3542 luorum

255 3562 434 3642 quaesitum
448 3566 481 3626 et
493 3568 600 3645 partos
613 3567 719 3646 gladio
733 3569 784 3632 vel
798 3572 914 3651 pyxide
928 3577 1104 3638 nummos?
1195 3567 1198 3576 ’

254 3657 317 3719 rari
332 3657 451 3739 quippe
463 3659 553 3722 boni:
575 3681 717 3738 numera,
734 3665 788 3728 vix
801 3672 878 3729 sunt
892 3668 1030 3733 totidem
1046 3675 1128 3753 quot

255 3751 438 3816 Thebarum
451 3758 559 3834 portae
573 3758 622 3821 vel
636 3760 746 3824 divitis
759 3761 839 3826 ostiu
852 3763 933 3828 Nili.
