2909 4284
250 345 291 410 88
613 351 647 400 D.
671 351 769 402 1v1s11
789 351 983 402 munaus

248 505 509 590 spargendusque
522 521 621 581 mero,
637 523 735 585 quens
747 502 813 568 iam
827 504 930 586 pudet
944 503 1042 568 ubera
1054 499 1167 568 matris

247 606 374 680 dueere,
392 603 449 686 qui
462 605 557 668 vexet
570 601 712 666 nascenti
727 601 841 665 robora
852 621 964 666 eornu.

248 701 275 766 si
288 721 338 766 res
350 700 457 784 ampla
469 699 557 764 domi
571 699 748 780 similisque
760 699 943 764 adfectibus
953 701 1047 776 emt,

248 798 400 882 pinguior
414 797 566 880 Hispulla
579 797 761 862 traheretur
774 801 888 862 taurus
899 801 934 861 et
945 797 1017 879 ipsa

248 897 332 962 mole
344 895 447 979 piger,
463 915 523 959 nee
537 894 676 958 finitima
688 894 835 958 nutritus
848 893 884 958 in
897 895 1006 971 herba,

248 995 331 1058 laeta
343 993 399 1056 sed
412 993 582 1058 ostendens
597 992 757 1057 clitumni
770 1011 888 1074 pasena
899 989 1030 1074 sanguis

248 1091 311 1154 iret
322 1093 356 1154 et
368 1109 389 1153 a
401 1089 516 1172 grandi
530 1089 637 1153 uenix
650 1089 797 1153 ferienda
809 1088 958 1152 ministre

248 1186 289 1252 ob
302 1186 444 1252 reditum
457 1186 651 1270 trepidantis
663 1186 771 1250 adhue
782 1186 1005 1269 horrendaque
1016 1183 1101 1269 pun

247 1303 352 1366 nuper
364 1288 398 1348 et
411 1283 605 1348 ineolumem
618 1303 684 1348 sese
697 1283 845 1347 mirantis
858 1282 965 1347 amiel.

247 1401 324 1446 uam
337 1384 464 1464 prester
476 1381 581 1463 pelagi
595 1401 686 1444 eesus
698 1385 734 1446 et
745 1380 894 1444 fulminis
906 1380 991 1445 intus

248 1479 358 1543 erosit
402 1479 517 1544 denses
531 1479 656 1542 eaelum
668 1479 860 1542 abseundere
873 1479 1023 1542 tenebrae

248 1576 334 1641 nube
346 1595 413 1640 uns
426 1574 614 1658 subitusque
627 1581 794 1640 antemnas
807 1575 929 1659 inpulit
942 1575 1037 1656 ignis,

247 1693 323 1737 eum
336 1692 370 1736 se
384 1672 518 1756 quiaque
532 1673 589 1738 ille
602 1692 788 1755 percussum
800 1673 945 1736 erederet
956 1677 991 1736 et
1003 1690 1080 1736 mox

247 1769 406 1834 attonitus
419 1769 699 1834 nullumeonlerri
713 1789 804 1852 posse
817 1772 948 1853 putaret

248 1865 454 1949 naufragium
467 1866 548 1930 uelis
559 1867 755 1932 ardentibus
800 1867 909 1931 omnia
921 1867 1008 1941 flunt

248 1964 326 2030 talis
338 1967 406 2028 tam
418 1963 569 2046 graviter,
584 1963 611 2029 si
625 1964 754 2046 quando
767 1964 892 2047 poetica
904 1963 1009 2046 surgit

249 2064 430 2144 tempestas.
472 2080 574 2143 genus
586 2081 658 2126 eeee
671 2060 761 2126 aliud
774 2061 970 2126 discriminis
981 2060 1059 2126 audi

248 2163 282 2224 et
295 2159 443 2225 miserere
456 2159 586 2237 iterum,
603 2179 799 2243 quamquam
812 2161 879 2225 sint
891 2163 996 2224 uetera
1009 2157 1104 2224 sortis

248 2256 390 2322 eiusdem
404 2277 488 2340 pars,
504 2257 576 2323 dira
589 2257 719 2340 quidem
733 2258 789 2321 sed
802 2257 934 2341 eognitu
945 2256 1059 2322 multis
1100 2251 1104 2259 ’

248 2356 283 2419 et
296 2373 394 2436 quam
406 2355 513 2420 votiva
526 2359 687 2419 testentur
699 2357 778 2420 tans
789 2355 909 2419 tabella

248 2451 403 2534 plurims3
424 2451 563 2535 pictores
575 2452 649 2534 quis
662 2453 766 2516 nescit
780 2452 820 2516 ab
833 2452 919 2516 Iside
932 2451 1045 2535 puseil

249 2547 367 2612 aecidit
379 2551 415 2613 et
427 2553 535 2614 nostro
549 2549 664 2614 similis
676 2550 810 2613 fortuna
825 2549 964 2614 Catullo.

249 2665 324 2710 eum
337 2647 453 2730 plenus
466 2647 569 2711 fluctu
582 2647 707 2711 medius
720 2648 805 2710 leret
817 2647 926 2711 alueus
939 2651 973 2710 et
986 2646 1052 2711 iam

249 2744 412 2808 alternum
425 2745 544 2828 puppis
556 2745 642 2809 latus
655 2745 872 2809 evertentibus
884 2745 982 2809 undis

249 2841 370 2906 arboris
383 2841 533 2917 incertae,
549 2843 674 2906 nullam
687 2842 863 2925 prudentis
874 2831 947 2907 eani

249 2939 381 3003 rectoris
394 2959 468 3003 eum
482 2940 581 3003 terret
594 2960 698 3022 opem,
714 2939 859 3004 decidere
873 2940 960 3003 iaetu

249 3035 355 3119 eoepit
367 3057 443 3100 oum
456 3036 571 3112 ventis,
588 3037 735 3102 imitatus
747 3040 870 3101 castere
883 3037 939 3120 qui
953 3056 986 3100 se

249 3133 435 3196 eunuchum
449 3133 517 3216 ipse
531 3134 610 3198 lecit
623 3134 757 3217 cupiens
770 3135 902 3198 eredere
916 3135 1034 3199 damno

250 3229 406 3308 testiculi3
427 3231 505 3295 adeo
519 3231 714 3296 medicatum
728 3231 891 3312 intellegit
903 3231 1034 3313 inguen.
1126 3305 1129 3310 ,

252 3327 402 3391 ‘tundite
415 3347 497 3410 quae
510 3348 582 3392 mea
595 3329 692 3392 suut'
707 3329 835 3395 dicebat
851 3329 1006 3394 ‘ennete'
1022 3328 1172 3396 Catullus

250 3423 459 3507 praecipitere
472 3425 581 3490 rolens
593 3426 691 3489 etiam
705 3425 932 3509 pulcherrima,
948 3429 1068 3491 restem

249 3541 445 3605 purpuream
460 3523 578 3588 teneris
592 3544 718 3606 queque
733 3525 972 3590 Maeeenatibus
985 3523 1106 3608 eptam,

250 3622 348 3700 utque
361 3619 439 3684 alias
453 3641 590 3702 quarum
603 3622 746 3703 generosi
761 3623 917 3704 graminis
929 3623 1037 3706 ipsum

251 3715 366 3779 inleeit
378 3720 495 3780 natura
507 3737 614 3800 peeus,
631 3719 685 3781 sed
699 3723 733 3782 et
745 3721 892 3801 egregius
904 3721 978 3786 lons

251 3810 373 3876 viribus
387 3813 521 3878 occultis
534 3818 568 3877 et
581 3814 729 3878 Baeticus
743 3815 874 3880 adiurat
886 3837 950 3883 aer.
