2909 4284
579 303 711 352 ΒΔΠΒΔ
734 301 800 351 111.

124 474 168 518 ne
184 452 272 536 prior
286 453 439 518 Albinam
453 458 487 518 et
502 453 646 518 Modiam
660 454 785 539 collega
798 452 939 519 salutet?

125 551 240 616 divitis
253 551 308 616 hic
322 572 413 615 servo
427 552 532 616 cludit
545 553 632 615 latus
646 552 863 635 ingenuorum

124 651 235 728 filiue3
256 649 339 713 alter
352 650 439 713 euim
454 653 615 732 quantum
629 650 663 713 11
677 651 805 733 legione
819 649 943 714 tribuni
1068 667 1072 674 ·

124 747 305 830 accipiunt,
323 747 423 810 donat
439 746 591 810 Calvinae
606 748 657 811 vel
673 747 837 825 Catienae,

124 850 165 907 ut
180 843 279 908 semel
293 849 351 908 eut
366 844 486 907 iterum
500 863 597 926 super
611 844 701 908 illem
715 845 876 928 palpitet3
896 847 996 921 1111,

25 951 35 978 ⁹
125 961 202 1006 cum
217 942 279 1006 tibi
292 941 402 1006 uestiti
419 941 519 1005 iacies
534 941 633 1005 scorti
648 942 767 1024 placet,
784 942 897 1006 haeres

124 1044 158 1103 et
174 1039 306 1103 dubitas
320 1039 387 1104 alta
403 1038 551 1103 Ohionen
567 1039 725 1103 deducere
739 1040 826 1104 sella

124 1137 167 1202 de
180 1140 299 1200 testem
314 1137 434 1200 Romae
449 1140 517 1199 tam
532 1139 693 1214 sanctum,
710 1157 808 1220 quam
822 1136 890 1201 ruit
902 1135 1021 1220 hospes

123 1234 271 1298 numinis
286 1233 387 1310 Idaei,
405 1234 560 1317 procedat
574 1235 625 1298 111
640 1234 751 1298 Numa
764 1235 815 1298 vel
829 1234 887 1317 qui

123 1332 266 1396 servavit
280 1332 442 1414 trepidam
457 1333 608 1416 flagranti
625 1352 665 1396 ex
678 1331 757 1396 aede
771 1331 965 1397 Minervam:

122 1429 277 1511 protinus
290 1428 332 1492 ad
347 1448 489 1506 censum,
507 1431 547 1494 de
563 1430 707 1494 moribus
721 1429 840 1494 ultima
852 1431 909 1495 fiet

124 1527 284 1609 quaestio.
331 1531 354 1562 “
363 1531 443 1609 quot
457 1527 562 1610 pascit
576 1528 703 1592 servos?
744 1531 824 1611 quot
837 1527 982 1610 possidet
994 1525 1065 1610 agri

123 1624 258 1707 iugera?
298 1644 395 1707 quam
410 1624 515 1688 multa
530 1644 711 1708 magnaque
726 1623 897 1708 paropside
911 1623 1054 1688 cenat?”

124 1727 287 1804 quantum
302 1721 439 1805 quisque
453 1741 512 1785 sua
526 1742 736 1786 nummorum
751 1726 857 1786 seruat
871 1721 907 1784 in
920 1741 1005 1797 arca,

123 1823 259 1882 tantum
272 1819 370 1882 habet
385 1825 418 1882 et
433 1819 517 1883 fidei.
563 1820 650 1883 iures
664 1819 743 1882 lieet
758 1823 791 1882 et
807 1817 1053 1883 Samothracum

123 1921 159 1980 et
173 1919 361 1979 nostrorum
375 1935 456 1991 aras,
474 1921 682 1980 contemnere
697 1915 837 1980 11111111
850 1934 974 1998 pauper

123 2013 274 2077 creditur
287 2017 385 2095 atque
400 2014 477 2077 deos
490 2014 540 2078 dis
556 2013 798 2096 ignoscentibus
812 2012 899 2096 ipsis.
957 2002 962 2010 ’

124 2109 310 2194 quidquod
325 2111 492 2175 materiam
508 2111 641 2193 praebet
656 2131 832 2194 0111111111
847 2110 992 2175 iocorum

124 2207 277 2272 omnibus
290 2207 344 2270 hic
359 2207 456 2284 idem,
474 2208 500 2271 si
515 2209 612 2272 foeda
627 2212 661 2272 et
674 2209 773 2272 scissa
785 2208 925 2285 lacerna,

124 2306 152 2369 11
168 2310 247 2388 toga
261 2305 426 2368 sordidula
442 2309 491 2369 est
506 2310 539 2369 et
556 2310 655 2388 rupta
669 2304 795 2370 calceus
809 2306 891 2368 alter

124 2399 211 2486 pelle
226 2407 328 2485 patet,
345 2403 397 2466 vel
411 2403 438 2466 si
453 2408 590 2467 consuto
604 2404 739 2466 vulnere
753 2422 896 2466 crassum

124 2506 227 2582 atque
242 2520 352 2564 recens
367 2500 472 2563 linum
488 2500 632 2564 ostendit
647 2519 713 2563 nou
728 2520 795 2562 una
809 2498 963 2563 cicatrix?

123 2597 175 2661 nil
189 2598 289 2661 habet
303 2597 419 2661 infelix
433 2603 607 2681 paupertas
623 2597 737 2660 durius
751 2597 785 2659 iu
801 2617 845 2673 se,

123 2715 227 2778 quam
241 2694 328 2777 quod
343 2694 498 2758 ridiculos
513 2695 661 2758 homines
676 2694 768 2758 11011.
814 2698 941 2759 “exeat
949 2694 970 2725 ”
983 2693 1092 2779 inquit

126 2798 152 2829 “
161 2791 190 2856 si
204 2793 310 2875 pudor
324 2796 384 2868 eet,
402 2797 435 2856 et
450 2792 489 2854 de
504 2792 639 2874 pulvino
655 2795 768 2874 surgat
782 2791 924 2874 equestri

124 2891 221 2955 cuiue
235 2909 286 2953 ree
299 2889 364 2972 legi
379 2909 445 2953 non
460 2889 592 2964 sufficit,
611 2895 644 2952 et
658 2890 791 2952 sedeant
804 2889 859 2953 hic

124 2989 283 3052 lenonum
297 2987 390 3069 pueri
406 3006 612 3070 quocumque
627 3007 667 3051 ex
682 2987 807 3051 fornice
821 2987 902 3064 neti,

124 3086 180 3150 hic
194 3085 331 3168 plaudat
345 3083 443 3147 nitidi
459 3085 627 3168 praeconis
642 3083 727 3148 filius
742 3085 829 3147 inter
888 3093 892 3096 ’

123 3176 291 3266 pinnirapi
307 3183 412 3246 cultos
427 3181 559 3246 iuvenes
576 3183 772 3264 iuvenesque
786 3183 923 3247 lanistae
937 3182 977 3248 :’'

124 3280 173 3345 sio
186 3279 320 3343 libitum
336 3299 429 3355 vano,
448 3280 504 3362 qui
518 3299 577 3344 nos
593 3279 755 3355 distinxit,
775 3279 908 3345 Othoni.

125 3377 199 3462 quis
214 3397 313 3460 gener
327 3377 382 3440 hic
397 3377 523 3460 placuit
538 3397 636 3442 ceusu
652 3377 758 3441 minor
773 3383 871 3461 atque
885 3379 1013 3461 puellae

124 3476 298 3541 sarcinulis
315 3476 439 3560 impar?
480 3478 552 3560 quis
567 3498 690 3561 pauper
707 3477 861 3542 scribitur
874 3477 986 3542 heres?

124 3575 259 3657 quando
274 3574 308 3639 in
324 3574 459 3639 consilio
474 3580 523 3639 est
537 3575 714 3640 aedilibus?
756 3574 884 3658 agmine
898 3575 989 3638 facto
1091 3598 1093 3602 ’

124 3673 308 3737 debuerant
324 3673 402 3737 olim
418 3678 532 3738 tenues
547 3673 700 3756 migrasse
717 3673 868 3750 Quirites.

124 3771 209 3835 haut
223 3771 321 3835 110111
335 3775 507 3853 emergunt
522 3790 660 3855 quorum
676 3771 853 3836 virtutibus
869 3771 978 3854 opstat
