2909 4284
557 291 689 340 SATVBA
712 290 782 338 1111

120 463 210 508 nuuc
224 446 309 509 setas
322 443 429 528 agitur
442 443 611 528 peioraque
625 442 751 506 saecula
763 441 841 506 terri

119 542 330 624 temporibus,
347 562 484 624 quorum
499 541 609 604 sceleri
623 560 689 604 non
703 539 829 603 invenit
841 539 912 622 ipsa

118 659 240 702 nomen
254 643 287 702 et
300 660 319 703 a
333 640 422 702 nullo
435 639 543 722 posuit
557 644 673 702 natura
686 637 825 701 metallo.

118 756 180 800 nos
193 737 362 801 hominum
377 737 550 820 divumque
563 738 661 800 fidem
675 738 811 800 clamore
824 736 954 813 ciamus,

119 839 243 917 quanto
257 836 438 899 Faesidium
452 837 562 899 laudat
576 836 692 900 voculis
705 837 853 916 agentem

118 933 288 1015 sportula?
329 934 391 1010 dic,
408 934 512 997 senior
526 935 615 997 bulla
628 933 823 1014 dignissime,
840 932 942 994 nescis

120 1049 200 1112 quas
214 1031 328 1095 habeat
342 1051 470 1095 veneres
483 1031 586 1094 aliena
599 1030 760 1114 pecuma?
801 1029 902 1092 nescis

119 1147 217 1209 quem
231 1131 288 1192 tua
301 1129 488 1212 simplicitas
501 1129 601 1192 risum
615 1130 711 1211 vulgo
724 1131 860 1202 moveat,
876 1145 950 1190 cum

118 1224 223 1307 exigis
236 1247 256 1288 a
270 1246 430 1308 quoquam
444 1247 485 1290 ne
498 1226 618 1309 peieret
630 1230 664 1289 et
677 1229 773 1309 putet
785 1225 862 1288 ullis

117 1342 185 1384 esse
199 1323 328 1405 aliquod
343 1344 464 1388 numen
477 1325 606 1406 templis
618 1342 754 1406 arasque
769 1323 922 1385 rubenti?

118 1421 283 1501 quondam
297 1421 357 1485 hoc
372 1422 540 1504 indigenae
554 1421 704 1484 vivebant
717 1441 815 1496 more,
831 1420 1018 1502 priusquam

117 1523 260 1580 sumeret
273 1523 428 1600 agrestem
441 1520 545 1601 posito
558 1519 737 1582 diademate
751 1518 867 1581 falcem

119 1613 280 1678 Saturnus
292 1617 431 1697 lugiens,
448 1621 526 1680 tunc
540 1615 615 1680 cu'm
628 1616 819 1697 virguncula
832 1615 917 1677 Iuno

118 1715 155 1775 et
167 1713 314 1795 privatus
326 1714 432 1778 adhuc
447 1714 550 1778 Idaeis
564 1715 712 1797 luppiter
725 1712 838 1788 antris,

119 1811 212 1873 nulla
225 1832 320 1893 super
333 1812 433 1875 nubes
446 1812 591 1876 convivia
604 1812 825 1875 caelicolarum

118 1928 179 1971 uec
193 1928 274 1990 puer
288 1909 403 1973 Iliacus
417 1911 579 1973 formonsa
592 1929 650 1973 uec
665 1910 814 1972 Herculis
828 1929 909 1972 uxor

118 2007 160 2070 ad
175 2007 316 2088 cyathos,
332 2008 428 2070 etiam
442 2008 557 2071 siccato
571 2011 698 2070 nectare
713 2011 840 2088 tergens

117 2105 267 2167 bracchia
280 2105 445 2169 Vulcanus
460 2105 611 2187 Liparaea
624 2105 717 2186 nigra
730 2105 872 2181 taberna,

117 2202 297 2284 prandebat
310 2201 369 2264 sibi
384 2203 517 2285 quisque
530 2205 619 2278 deus,
636 2222 695 2265 nec
708 2202 804 2265 turba
817 2202 949 2267 deorum

118 2299 193 2362 talis
206 2302 245 2361 ut
258 2303 306 2362 est
318 2298 423 2371 hodie.
440 2303 651 2382 contentaque
665 2299 768 2362 sidera
781 2299 890 2382 paucis

118 2396 307 2459 numinibus
320 2397 472 2459 miserum
486 2398 668 2478 urguebant
680 2397 816 2459 Atlanta
829 2396 947 2460 minori
998 2443 1000 2448 -

117 2495 271 2578 pondere,
288 2495 433 2557 nondum
447 2494 562 2576 aliquis
576 2494 708 2557 sortitus
721 2494 814 2557 triste
828 2494 983 2577 profundi

117 2590 293 2674 imperium
306 2596 363 2655 aut
377 2591 484 2655 Sicula
497 2594 606 2654 torvus
620 2612 694 2654 oum
708 2592 844 2672 coniuge
858 2591 989 2668 Pluton,

117 2707 177 2751 nec
190 2691 262 2750 rota
275 2707 333 2751 nec
347 2688 463 2751 Furiae
476 2708 535 2751 neo
548 2709 660 2751 saxum
674 2692 733 2750 aut
746 2687 886 2751 vulturis
898 2687 962 2752 atri
1083 2718 1085 2725 a

117 2806 232 2868 poena,
249 2785 303 2848 sed
318 2785 454 2848 infernis
466 2785 583 2849 hilares
596 2786 663 2849 sino
677 2786 806 2867 regibus
819 2785 961 2848 umbrae.

118 2882 296 2965 inprobitas
309 2881 365 2944 illo
379 2883 445 2944 ruit
458 2883 653 2946 admirabilis
666 2903 753 2958 aevo,

117 2980 290 3042 credebant
303 2999 367 3061 quo
380 2980 499 3062 grande
513 2981 604 3042 nefas
617 2984 650 3044 et
663 2985 766 3044 morte
779 2981 935 3061 piandum

117 3077 144 3139 si
158 3075 285 3139 iuvenis
297 3078 406 3140 vetulo
418 3097 484 3152 non
498 3078 721 3140 adsurrexerat
735 3082 769 3140 et
781 3078 808 3140 si

116 3175 249 3238 barbato
263 3173 453 3255 cuicumque
467 3194 559 3257 puer,
575 3174 651 3238 licet
665 3175 731 3256 ipse
745 3176 868 3241 rideret

116 3274 212 3355 plura
226 3271 314 3335 domi
327 3273 419 3353 fraga
431 3277 465 3336 et
478 3273 612 3336 maiores
625 3273 752 3354 glandis
765 3293 905 3352 accrr0s3

117 3376 185 3434 tam
198 3370 377 3434 venerabile
390 3373 458 3433 erat
472 3371 657 3453 praecedere
672 3375 826 3453 quattuor
839 3372 943 3449 annis,

117 3471 286 3550 primaque
299 3469 447 3550 paradeo
462 3488 565 3532 sacrae
578 3469 697 3551 lanugo
712 3474 865 3534 senectae.

117 3566 246 3630 nuncsi
261 3567 441 3647 depositum
456 3587 521 3631 non
535 3565 694 3630 infitietur
708 3569 839 3642 amicus,

117 3665 143 3729 si
158 3665 275 3727 reddat
288 3668 425 3726 veterem
440 3685 514 3734 cum
529 3668 597 3728 tota
610 3667 761 3746 aerugine
776 3667 898 3744 follem,

117 3759 300 3844 prodigiosa
313 3761 393 3824 fidas
407 3764 440 3824 ct
454 3760 567 3825 Tuscis
581 3761 679 3844 digna
692 3762 809 3827 libellis
