2909 4284
226 323 268 409 78
598 339 631 390 u.
656 339 754 392 mun
774 327 966 390 walum

224 487 266 552 ιι
281 487 430 568 esium
452 491 579 554 uncum
593 490 724 556 cusos
738 488 823 554 vec
835 462 1045 558 immons

225 587 311 668 qnod
325 589 455 651 statem
468 587 580 651 multis
592 587 627 651 in
641 607 767 652 carcere
779 584 912 651 fornicis
923 579 1028 647 annia

224 683 650 764 utviguantsensusanimi,
666 685 936 749 duosndaiamsn
948 679 1028 744 suut
1267 670 1328 735 24⁰

223 781 341 845 funere
354 784 513 856 natorum,
529 800 626 863 rogus
638 781 840 864 aspiciendus
852 781 976 843 amabe

224 877 370 960 coniugis
382 882 416 942 ei
427 878 537 942 fratris
557 881 733 963 plenaeque
747 877 907 944 sororibus
920 891 1033 940 urnas·

223 976 303 1041 haec
315 977 391 1042 data
403 997 505 1060 poena
521 977 784 1052 divinantibus,
801 978 841 1040 ul
854 974 1005 1040 renovate

224 1094 348 1158 semper
361 1075 450 1139 clade
464 1075 577 1139 domus
591 1075 702 1139 mullis
715 1075 752 1139 in
765 1072 906 1138 luctibus
925 1069 1025 1153 inquo

223 1177 379 1255 perpetuo
392 1191 531 1236 maerore
544 1178 577 1236 ot
590 1172 684 1254 nigra
696 1175 784 1236 vesto
804 1170 979 1234 senescant.
1266 1157 1329 1221 Μ

224 1289 280 1334 rex
295 1270 414 1352 Pylius,
431 1289 547 1352 magno
561 1269 589 1333 si
602 1270 779 1352 quidquam
792 1266 896 1332 credis
909 1264 1063 1340 Homero,

224 1367 406 1450 exemplum
419 1365 755 1431 vitaeiuitaoornioe
768 1363 937 1430 secundus.
1433 1388 1438 1397 ·

224 1464 304 1528 felix
317 1463 482 1539 nimirum,
499 1463 555 1546 qui
568 1466 619 1527 iol
631 1462 978 1546 persaeculamortom
1435 1416 1440 1571 i

225 1561 352 1626 ontulit
365 1565 462 1644 alque
476 1582 548 1626 suos
561 1561 626 1625 iam
640 1562 753 1626 dextra
765 1561 923 1642 conpulsi
936 1573 1049 1632 anuos,
1438 1578 1439 1599 ι

226 1659 345 1741 quique
357 1678 477 1724 novum
490 1657 608 1723 tonans
621 1662 766 1721 mustum
780 1657 872 1722 bibit.
914 1672 983 1731 oro,
998 1663 1173 1736 psmmper
1270 1645 1332 1708 25⁰
1437 1610 1440 1737 i

225 1755 371 1818 silendus
385 1759 541 1837 quantum
555 1755 596 1819 de
609 1755 734 1836 legibus
747 1755 815 1836 ipse
829 1755 985 1836 queratur
1437 1806 1439 1877 q

224 1851 367 1915 istorum
380 1858 414 1914 sl
427 1850 527 1914 nimio
541 1851 581 1915 de
594 1851 741 1928 stamine,
757 1871 833 1915 oum
845 1849 936 1915 videi
949 1844 1032 1912 suris

226 1948 392 2012 Antilochi
405 1949 534 2012 barbam
548 1949 724 2023 ardendsm,
741 1967 816 2011 cum
830 1945 957 2029 quaerit
968 1943 1009 2007 ab
1023 1937 1115 2007 omni
1437 1962 1438 1971 ¹

226 2043 370 2127 quisquis
383 2046 471 2109 adest
484 2045 597 2120 socius,
613 2046 764 2109 cethaeo
777 2044 814 2107 in
827 2047 973 2126 tempora
985 2040 1095 2114 duret,

227 2141 313 2221 quod
326 2141 451 2204 facinus
463 2140 600 2222 dignum
613 2145 681 2205 iam
693 2141 793 2224 longo
805 2138 973 2205 admiserit
985 2155 1073 2201 sevo.

226 2235 304 2300 haee
317 2237 427 2300 eedem
441 2238 553 2302 Peleus
566 2240 696 2321 raptum
709 2258 786 2303 cum
798 2239 890 2319 luget
904 2233 1067 2310 Achillen,

225 2336 324 2412 atque
336 2333 417 2397 alius
429 2334 481 2398 oui
495 2335 544 2398 ias
559 2335 709 2399 Ithacum
721 2336 832 2416 lugere
845 2336 1023 2398 numniem.

227 2427 380 2492 incolumi
395 2430 489 2494 Troia
504 2431 650 2498 Priamus
664 2432 801 2496 venisset
813 2430 855 2495 ad
868 2430 1000 2494 umbras

227 2525 371 2588 Assaraci
385 2502 509 2607 magnii
521 2527 728 2592 sollemnibus
742 2527 881 2593 Hectore
894 2528 997 2591 funus

227 2625 374 2702 periente
387 2641 424 2684 ao
437 2623 568 2705 reliquie
580 2624 720 2689 inuitum
733 2625 908 2689 cervicibus
922 2623 1010 2688 inter

228 2717 366 2780 iliadum
381 2718 535 2795 lacrimas,
551 2723 589 2784 ui
603 2721 722 2803 primos
736 2723 828 2786 edere
840 2721 992 2804 plauctus

229 2813 402 2877 Cassandra
416 2813 570 2896 inciperet
583 2817 740 2900 scissaque
755 2819 915 2899 Polyxena
927 2816 1025 2901 psile,

227 2909 254 2971 si
268 2909 352 2972 ieret
365 2909 529 2974 extinctus
544 2912 666 2978 diverso
681 2919 834 2996 tempore,
851 2934 916 2997 quo
929 2933 997 2978 uon

227 3009 371 3085 coeperat
384 3007 517 3070 audaces
531 3009 620 3072 Paris
633 3010 798 3074 aedificare
812 3011 946 3074 carinus.

227 3100 323 3180 longa
335 3100 402 3164 dies
415 3101 516 3183 igitur
530 3104 607 3185 quid
621 3106 784 3169 eontulit?
824 3106 933 3171 omnia
942 3105 1026 3172 vidit

228 3215 334 3259 eversa
346 3200 379 3260 ei
392 3197 526 3262 flammis
537 3200 646 3263 Asiam
659 3203 807 3285 ierroque
820 3205 1001 3267 mdentem.

228 3296 308 3355 tunc
322 3292 412 3356 miles
425 3296 580 3358 tremulus
592 3297 696 3377 posila
709 3300 787 3363 tulit
799 3320 889 3364 arma
902 3300 985 3365 tiara

228 3390 262 3451 ei
276 3387 343 3451 ruit
354 3392 429 3453 anie
441 3409 528 3453 aram
542 3393 658 3456 summi
672 3394 757 3459 Iovis
771 3400 809 3459 ut
822 3397 951 3461 vetulus
965 3398 1033 3475 bos,
1071 3397 1074 3401 ’

230 3484 286 3566 qui
300 3485 420 3548 domini
435 3486 545 3550 cultris
558 3491 656 3552 tenue
670 3495 703 3554 si
716 3493 895 3558 miserabile
909 3494 1031 3559 collum

219 3581 357 3660 'praebet
370 3581 409 3642 ab
422 3580 547 3660 ingraio
559 3583 624 3654 iam
639 3587 802 3652 fastiditus
815 3594 931 3654 aratro.

229 3673 332 3738 exitus
346 3675 400 3737 ills
414 3680 586 3759 utcumque
600 3679 750 3759 hominis,
766 3686 821 3748 sed
837 3688 928 3750 torva
941 3688 1060 3755 canino

229 3765 357 3832 latravit
370 3769 453 3834 rictu
468 3791 548 3854 quae
561 3775 734 3855 posthunc
748 3779 869 3845 vixerat
882 3801 975 3847 uxor.
