2909 4284
587 348 722 398 servm
743 350 775 398 11

128 501 185 566 ills
199 499 410 584 supercilium
424 499 556 566 madida
567 501 709 584 iuligine
722 501 868 566 tinctum

128 599 264 682 obliqua
275 597 428 681 producit
442 617 504 662 acu
516 598 689 682 pingitque
707 599 879 664 trementis

127 697 285 762 attollens
299 696 410 760 oculos
424 717 434 774 ;
454 695 558 760 uitreo
573 696 657 760 bibit
673 697 728 761 ille
743 698 858 782 priepo
1190 698 1230 760 95

128 796 370 877 reticulumque
385 794 485 858 comis
500 799 651 859 auratum
667 795 859 878 ingentibus
872 795 990 881 implet

128 895 280 958 caerulea
292 893 430 956 indutus
442 894 608 958 scutulata
622 898 680 959 aut
694 896 826 978 galbina
837 915 911 960 rasa

128 996 162 1057 et
176 1012 237 1075 per
251 992 411 1057 Iunonem
425 992 549 1056 domini
565 993 695 1058 iurante
711 993 886 1071 ministr-03

128 1089 185 1153 ills
199 1093 292 1154 tenet
305 1090 485 1173 speculum,
501 1089 625 1172 pathici
640 1094 807 1174 gestamen
822 1088 973 1167 Othonis,

128 1187 263 1250 Actoris
275 1187 423 1251 Aurunci
435 1187 586 1269 spolium,
603 1207 668 1270 quo
682 1188 784 1251 seille
798 1187 929 1252 ridebat

129 1289 294 1348 armatum
307 1304 384 1348 curn
396 1285 462 1348 iam
476 1284 549 1349 tolli
570 1285 687 1349 vexilla
702 1285 870 1349 iuberet-

128 1401 180 1445 res
194 1383 403 1446 memoranda
415 1382 508 1448 noris
522 1382 693 1446 annalibus
706 1387 805 1464 atque
824 1379 949 1447 receuti

128 1479 278 1556 historia,
295 1481 463 1563 speculum
478 1481 584 1544 civilis
604 1481 731 1543 sarcina
744 1479 832 1544 belli.

129 1577 288 1640 nimirum
301 1577 420 1641 summi
435 1578 527 1642 ducis
538 1583 589 1641 est
604 1577 751 1641 occidere
767 1577 903 1641 Galbam

130 1679 164 1737 et
179 1694 293 1738 curare
307 1679 428 1751 cutem,
444 1675 562 1755 summi
577 1675 762 1738 constantie
775 1675 856 1738 ciris

130 1771 297 1835 Bebriacis
311 1773 434 1855 campis
448 1772 589 1855 spolium
603 1773 770 1836 adtectare
785 1771 890 1836 Palati

131 1874 165 1933 et
179 1889 327 1952 pressum
340 1868 376 1933 in
389 1869 473 1934 loeis
488 1870 601 1952 digitis
614 1870 789 1934 extendere
803 1889 933 1952 panem,

130 1967 222 2050 quod
234 1986 295 2030 nec
309 1967 344 2030 in
358 1967 490 2050 Assyrio
503 1967 692 2050 pharetrata
707 1967 894 2031 Samiramis
907 1965 996 2045 orbe,

130 2069 255 2128 maeste
267 2084 327 2130 uec
342 2065 478 2130 Actiaca
490 2065 571 2129 fecit
584 2064 756 2147 Cleopatra
770 2064 931 2128 carina-.

129 2162 187 2226 hic
201 2162 312 2226 nullus
325 2163 431 2228 uerbis
445 2164 551 2245 pudor
564 2168 623 2226 aut
637 2163 819 2226 reverentia
832 2181 974 2241 mensae,

129 2260 187 2324 hio
200 2260 308 2341 turpis
323 2259 457 2344 Cybeles
471 2263 505 2324 et
519 2262 625 2324 fracta
638 2279 717 2323 voce
731 2260 887 2342 loquendi

129 2358 266 2422 libertas
280 2362 314 2420 et
327 2357 417 2421 crine
430 2377 527 2421 senex
540 2358 705 2422 fanaticus
719 2357 794 2422 albo

129 2473 298 2519 sacrorum
311 2455 458 2530 antistes,
473 2475 583 2518 rarum
597 2475 635 2518 sc
649 2454 857 2518 memorabile
871 2453 983 2538 magni

128 2552 279 2636 gutturis
293 2552 476 2635 exemplum
490 2552 788 2635 conducendusque
802 2552 966 2633 magister.

128 2649 215 2734 quid
229 2654 339 2713 tamen
354 2654 539 2732 expectent,
557 2649 701 2732 Phrygio
715 2669 797 2732 quos
811 2653 941 2732 tempus
955 2654 1025 2715 erat
1038 2651 1104 2718 iam

128 2767 222 2812 more
237 2766 470 2828 supervacuam
485 2746 600 2810 cultris
614 2747 806 2829 abrumpere
821 2766 951 2811 carnem
966 2747 981 2813 l

129 2845 373 2929 quadringenta
386 2844 478 2908 dedit
493 2844 659 2908 Gracchus
674 2844 823 2908 sestertia
837 2845 948 2909 dotem

129 2941 303 3017 comicini,
319 2941 385 3005 sive
399 2941 454 3006 hio
467 2946 558 3006 recto
572 2946 762 3005 cantaverat
776 2961 849 3005 cere
862 2963 872 3020 3

128 3041 280 3122 signatae
292 3040 434 3114 tabulae,
451 3039 577 3103 dictum
593 3038 779 3115 ‘feliciter,’
791 3039 907 3122 ingens

128 3159 213 3202 cena
226 3137 328 3212 sedet,
344 3135 467 3220 gremio
481 3136 583 3201 iacuit
596 3157 681 3201 nova
692 3146 798 3219 nuptu
811 3138 930 3202 mariti.

129 3257 149 3301 o
165 3254 325 3319 proceres,
341 3254 473 3298 censore
488 3254 569 3316 opus
583 3239 633 3298 est
647 3255 689 3298 sn
703 3234 875 3317 haruspice
888 3235 1014 3302 nobis?

129 3333 257 3398 scilicet
271 3332 417 3396 horreres
432 3332 616 3414 maioreque
631 3337 777 3396 monstra
790 3337 934 3415 putares,

129 3431 158 3496 ei
173 3430 292 3493 mulier
304 3429 446 3493 vitulum
458 3430 511 3493 rel
525 3429 553 3493 si
567 3431 624 3493 bos
638 3431 749 3493 ederet
763 3431 912 3512 agnum?

128 3532 300 3610 segmento
314 3531 347 3590 et
360 3528 475 3610 longos
488 3527 620 3591 habitus
635 3532 668 3591 et
682 3529 830 3591 flammea
843 3528 956 3606 sumit,

128 3645 250 3692 arcano
265 3624 321 3708 qui
335 3645 425 3688 secra
437 3626 546 3689 terens
559 3626 713 3690 nutantis
725 3626 796 3690 loro

128 3723 263 3789 sudarit
277 3721 584 3804 clupeisencilibus.
629 3743 648 3787 o
662 3728 757 3806 pater
769 3724 871 3800 urbis,

129 3822 220 3886 uude
233 3819 328 3884 nefus
341 3823 473 3884 tentum
487 3819 589 3884 Latiis
603 3821 787 3904 pectoribus
802 3821 818 3886 l
857 3822 944 3885 unde
