2909 4284
561 367 695 418 sarm
715 370 760 418 11

109 520 164 586 bio
172 520 288 604 opibus
302 537 479 603 numquam
492 538 565 584 ocra
577 522 626 584 est
638 539 768 586 annona
779 521 906 586 veneni.

109 639 185 700 ergo
199 619 324 682 occulta
337 621 435 699 teges,
450 621 490 680 ut
502 617 592 681 curia
604 617 718 682 Martis
733 618 896 683 Athenis)

150 737 170 780 o
185 716 345 798 Corydon,
362 715 521 796 Corydon,
537 719 692 778 secretum
707 715 818 780 divitia
831 717 936 780 ullum

110 834 176 879 csse
189 816 308 897 putas?
348 813 430 876 servi
445 817 482 876 ut
496 816 633 889 taceant,
649 813 794 879 iumenta
807 814 981 897 loquentur

110 912 245 977 atcania
259 916 291 976 et
304 915 409 994 postas
422 915 455 974 et
468 931 636 975 marmora.
680 912 793 975 claude
808 912 976 991 fenestras,

109 1010 185 1074 vela
201 1013 313 1092 tegant
327 1008 433 1085 rimas,
450 1008 547 1091 iunge
560 1009 651 1084 ostia,
667 1010 772 1073 tollite
786 1009 908 1086 lumen,

111 1127 128 1170 e
143 1107 250 1170 medio
263 1107 315 1170 iac
328 1109 403 1170 eant
416 1126 537 1183 omues,
552 1124 652 1189 prope
666 1126 760 1170 nemo
774 1103 955 1172 recumbat:

111 1205 198 1286 quod
213 1207 322 1268 tamen
335 1205 376 1266 ad
390 1207 520 1267 cantum
534 1203 611 1284 galli
625 1203 705 1267 iacit
718 1204 773 1268 ille
786 1205 930 1283 secundi,

109 1302 277 1384 proximus
289 1307 364 1366 auto
377 1301 464 1364 diem
478 1319 580 1382 caupo
593 1301 681 1377 sciet,
698 1301 809 1365 audiet
821 1306 855 1366 et
869 1321 952 1384 quae

109 1401 278 1463 finxerunt
289 1399 410 1482 pariter
422 1398 553 1462 libarius
565 1398 770 1480 archimagiri

110 1501 281 1580 carptores.
326 1497 412 1579 quod
425 1495 512 1560 enim
525 1496 677 1560 dubitant
690 1516 880 1579 componere
893 1497 1016 1562 crimen

110 1596 147 1659 iu
161 1595 317 1670 dominos,
335 1593 482 1676 quotiens
495 1594 676 1658 rumoribus
690 1594 892 1658 ulciscuntur

109 1692 241 1756 baltea?
281 1711 339 1756 uec
352 1691 437 1755 derit
451 1691 506 1773 qui
520 1695 553 1756 te
565 1710 624 1774 par
637 1692 778 1773 compita
792 1695 925 1773 quami

110 1790 277 1854 nolentem
291 1795 325 1852 et
337 1789 484 1852 miseram
498 1789 628 1853 vinosus
641 1788 779 1852 inebriet
791 1809 913 1852 aorem.

110 1887 184 1951 illos
197 1907 274 1969 ergo
286 1905 377 1967 roges
391 1882 548 1968 quidquid
563 1886 659 1968 paulo
673 1890 748 1950 aute
763 1887 892 1968 petebas

110 1984 248 2060 anobis,
264 1988 389 2048 taceant
401 1983 461 2046 illi.
505 1985 559 2047 sed
572 1983 706 2066 prodere
720 1985 847 2048 malunt

110 2101 266 2148 arcanum
280 2101 376 2164 quam
389 2081 531 2164 subrepti
546 2084 657 2163 potare
670 2081 811 2157 Falerni,

110 2199 171 2264 pro
183 2179 306 2262 populo
318 2178 438 2242 iaciens
452 2183 610 2261 quantum
624 2177 754 2243 Saufeia
766 2178 905 2244 bibebat.

110 2277 289 2342 vivendum
301 2280 386 2340 recte
399 2279 457 2350 est,
474 2295 548 2338 cum
562 2279 694 2358 propter
706 2276 848 2358 plurima
861 2278 940 2340 tuno
953 2275 1006 2342 his

114 2373 251 2458 [idcirco
264 2376 303 2437 ut
315 2373 414 2456 possis
426 2373 571 2454 linguam
584 2377 788 2437 contemnere
802 2371 898 2456 servi]

111 2473 283 2555 praecipue
297 2472 408 2546 causis,
424 2473 463 2533 ut
475 2471 602 2552 linguas
615 2470 850 2553 mancipiorum

112 2573 308 2634 contemnas.
352 2588 410 2631 neo
423 2566 535 2649 lingua
548 2567 624 2630 mali
638 2587 712 2649 pars
725 2568 860 2650 pessima
873 2568 967 2634 servi.

111 2667 254 2731 deterior
267 2668 375 2730 temen
388 2666 442 2729 hio
456 2664 512 2748 qui
526 2665 606 2729 liber
619 2686 685 2729 nou
700 2666 762 2729 erit
775 2666 850 2743 illis,

112 2784 252 2847 quorum
266 2763 386 2826 animas
399 2766 433 2826 et
445 2763 530 2826 iarre
544 2783 602 2826 suo
615 2763 757 2826 custodit
770 2768 896 2828 atcere.

154 2860 256 2924 ‘utile
270 2859 438 2924 consilium
452 2861 557 2936 modo,
574 2860 629 2923 sed
644 2880 823 2936 commuue,
840 2861 968 2925 dedisti.

111 2979 202 3022 nunc
215 2957 297 3021 mihi
311 2958 388 3040 quid
402 2957 515 3022 suades
527 2962 600 3039 post
614 2959 768 3020 damnum
782 2959 935 3042 temporis
948 2962 981 3023 st
994 2980 1065 3043 spes

112 3057 286 3138 deceptas?
325 3054 458 3118 festinat
471 3054 557 3117 euim
572 3055 738 3118 decurrere
751 3056 843 3119 velox

113 3152 263 3217 flosculus
276 3155 428 3234 angustae
441 3151 635 3233 miseraeque
649 3152 833 3216 brevissima
846 3153 932 3217 vitae

112 3250 234 3334 portio;
255 3250 335 3312 dum
349 3249 497 3324 bibimus,
513 3249 593 3312 dum
606 3253 690 3312 serta
703 3254 870 3332 unguenta
884 3252 1007 3334 puellas

113 3347 282 3434 poscimus,
300 3347 424 3429 obrepit
437 3367 503 3411 uon
517 3347 680 3410 intellecta
693 3349 864 3412 senectus.’

153 3465 196 3510 ne
210 3445 345 3527 trepida,
362 3465 539 3526 numquam
553 3444 700 3526 pathicus
714 3445 775 3509 tibi
789 3446 873 3510 derit
886 3447 1008 3512 amicus

114 3544 272 3609 stantibus
286 3547 320 3607 et
332 3542 426 3606 solvis
438 3543 489 3606 his
502 3543 645 3606 collibus.
689 3544 834 3626 undique
848 3546 888 3607 od
902 3545 974 3610 illos

114 3642 306 3708 convenient
319 3646 352 3704 et
365 3640 523 3722 carpentis
536 3643 569 3704 et
583 3640 654 3704 navi
660 3641 717 3704 bus
730 3661 840 3705 omnes

115 3740 172 3823 qui
184 3739 288 3822 digito
302 3738 450 3822 scalpunt
466 3759 529 3802 uno
542 3741 648 3821 caput.
693 3740 794 3803 altera
807 3738 909 3802 maior

114 3857 185 3924 spes
198 3839 350 3923 superest.
395 3838 433 3902 tu
446 3840 574 3900 tontum
588 3835 690 3900 erucis
704 3835 842 3921 inprime
855 3836 997 3900 dentem.
