2909 4284
559 340 693 390 SATVRA
715 340 785 388 VIII

118 494 259 572 Silanus,
276 512 477 579 quoonmqne
489 492 554 558 alio
566 493 607 558 de
620 492 787 576 sunguine,
801 512 893 558 rarus

118 593 197 658 uiuis
209 596 244 655 ut
256 591 403 674 egregius
415 590 537 673 patriae
550 591 711 672 contingis
724 591 849 669 orunti3

117 691 294 764 exclamare
306 689 396 765 libet,
412 688 550 772 populus
563 689 649 771 quod
662 688 780 752 elamat
795 687 879 752 Osiri

117 788 261 858 invento.
304 787 376 869 quis
388 787 474 850 enim
488 807 676 868 generosum
689 786 809 850 dixerit
821 786 909 851 huno
922 787 979 870 qui
1177 792 1220 852 80
1307 807 1309 811 ·

117 885 273 968 indignus
286 905 401 966 genere
414 887 447 948 et
460 883 619 968 praeclaro
633 883 764 948 nomine
778 887 906 948 tantum

117 983 277 1064 insignis?
298 1003 419 1047 nanum
432 982 598 1046 ouiusdam
612 981 748 1046 Atlante
760 1001 919 1056 vocamus,

117 1080 311 1163 Aethiopem
326 1080 482 1162 Cycnum,
497 1099 628 1163 pravum
642 1084 862 1162 extortamque
875 1083 1015 1160 puellam

95 1201 99 1220 ¹
117 1178 286 1261 Iluropen3
307 1176 438 1241 cunibus
451 1176 553 1260 pigris
565 1177 731 1259 suabiequo
745 1181 869 1241 vetusta

116 1275 240 1339 levibus
253 1279 287 1338 et
300 1275 399 1340 sioeae
412 1275 626 1338 lambentibus
639 1295 694 1338 oru
707 1275 854 1338 lueernee

116 1391 236 1436 nomen
249 1373 315 1436 erit
323 1373 442 1455 pardus
456 1371 547 1454 tigris
559 1371 620 1448 leo,
637 1371 664 1436 si
679 1372 758 1455 quid
772 1372 877 1436 adhue
890 1375 940 1437 eet

117 1470 205 1551 quod
218 1471 336 1533 fremet
349 1469 385 1532 in
398 1469 492 1533 terrie
507 1469 691 1548 violentius3
713 1488 789 1551 ergo
802 1469 926 1533 eusebis

116 1571 150 1630 et
164 1571 289 1631 metues
301 1582 343 1630 no·
356 1571 394 1630 tu
408 1566 453 1630 sio
468 1566 611 1630 Oretious
623 1571 681 1630 aut
695 1566 891 1631 Camerinus.

113 1655 114 1658 ¹
156 1665 210 1729 hie
224 1685 282 1746 ego
295 1684 391 1747 quem
404 1663 540 1729 monui?
580 1669 688 1729 tecum
702 1668 751 1728 est
764 1664 845 1728 mihi
860 1685 973 1742 sermo,
989 1667 1116 1731 Rubelli

117 1762 250 1826 Blande.
296 1769 401 1826 tumes
414 1762 480 1825 ulto
494 1761 674 1825 Drusorum
687 1765 867 1838 stemmate,
883 1765 1047 1844 tamquam
1175 1767 1217 1827 40

116 1859 233 1924 Ieoeris
245 1859 313 1942 ipse
326 1858 448 1940 aliquid
461 1863 592 1942 propter
606 1859 690 1941 quod
705 1859 823 1923 nobilis
835 1879 926 1935 emes,

116 1961 202 2021 utto
216 1957 396 2039 oonoiperet
410 1976 492 2040 quae
505 1956 662 2038 sunguine
674 1956 781 2040 fulget
795 1956 870 2032 Iuli,

116 2075 185 2119 non
198 2075 279 2136 quae
292 2058 422 2118 ventoso
435 2055 595 2118 eonducta
608 2055 667 2117 sub
681 2073 796 2137 aggere
809 2055 901 2119 texit.

118 2153 194 2217 ‘soe
207 2152 364 2216 humiles’
379 2151 487 2234 inquis
503 2150 608 2233 ‘volgi
622 2171 695 2234 pure
708 2151 824 2215 ultima
836 2152 950 2229 nostri,
1010 2197 1013 2201 -

116 2270 255 2332 quorum
268 2270 363 2313 nemo
376 2253 473 2331 queat
485 2249 623 2331 putrium
637 2253 816 2314 monstrare
829 2252 983 2332 putentis,
1175 2256 1216 2317 45

115 2350 165 2410 ast
179 2366 238 2428 ego
252 2345 464 2428 Oeeropides!
507 2345 594 2409 vivus
607 2349 641 2412 et
653 2345 788 2429 originis
801 2345 897 2410 buius

115 2443 235 2526 gaudio
247 2442 342 2524 longe
355 2443 447 2507 ierus.
492 2445 601 2507 tamen
615 2442 681 2506 ima
694 2443 787 2526 plebe
801 2442 961 2519 Quiritem

114 2539 293 2610 Iucundum
308 2538 460 2616 invenies,
477 2538 560 2604 solet
571 2539 625 2602 hio
639 2540 811 2604 defendere
823 2557 947 2618 eoursus⁸

115 2637 233 2702 nobilis
245 2635 383 2713 indueti3
404 2635 512 2700 veniet
524 2637 565 2700 de
578 2637 671 2720 plebe
685 2640 794 2719 togata

115 2735 171 2818 qui
186 2734 267 2798 iuris
279 2733 380 2798 nodos
392 2737 426 2797 et
437 2732 546 2816 legum
559 2733 741 2816 aenigmate
754 2735 882 2813 solvite

114 2832 168 2898 bio
181 2832 266 2916 petit
279 2831 469 2913 Euphraten
482 2830 606 2895 iuvenis
619 2829 799 2913 domitique
812 2832 925 2896 Butavi

113 2930 262 2994 custodes
274 2928 506 3011 uquilaearmis
519 2927 706 2993 industrius.
751 2932 837 2992 attu

113 3027 161 3096 nil
176 3027 240 3090 nisi
254 3026 453 3108 Oeoropides,
468 3030 647 3108 truncoque
660 3024 844 3090 simillimus
857 3027 1005 3093 Hermae.

112 3123 206 3189 nullo
220 3124 339 3207 qnippe
351 3122 415 3187 ulio
428 3123 529 3187 vineis
543 3122 727 3187 disorimine
741 3143 837 3206 quum
851 3123 937 3207 quod

112 3221 162 3286 illi
177 3240 392 3284 marmoreum
405 3225 503 3303 eaput
516 3224 574 3297 est,
590 3223 648 3284 tua
661 3220 742 3284 vluit
755 3219 872 3303 imago.

112 3320 166 3384 die
179 3318 273 3394 mihi,
290 3319 485 3383 Touerorum
500 3319 614 3402 proles,
630 3317 782 3382 animulis
794 3322 886 3382 muta

112 3417 186 3500 quie
199 3435 351 3499 generosa
362 3420 457 3500 putet
469 3416 533 3480 nisi
547 3416 655 3480 fortia.
698 3436 816 3500 nempe
828 3418 989 3482 volucrem

112 3516 158 3580 sle
171 3515 340 3580 laudamus
353 3535 484 3598 equum,
500 3514 589 3578 luoili
602 3514 656 3577 oui
670 3515 811 3596 plurima
824 3516 930 3597 palma

111 3615 218 3678 fervet
231 3617 264 3676 et
278 3613 403 3676 exultut
415 3632 511 3676 ruuoo
525 3611 656 3675 victoris
669 3613 768 3690 oiro03

112 3711 230 3775 nobilis
243 3709 308 3784 hie,
325 3717 525 3792 quooumque
540 3710 628 3772 venit
641 3709 681 3772 de
696 3710 849 3791 gramine,
866 3710 957 3774 ouius
1172 3716 1213 3780 6⁰

112 3809 199 3872 olata
211 3806 292 3888 Iuga
304 3811 379 3869 ante
392 3805 471 3873 ulios
484 3808 517 3868 et
530 3804 654 3894 primus
667 3805 703 3868 in
717 3798 851 3888 sequere
863 3807 979 3888 pulvis.
