2909 4284
192 359 232 446 58
557 367 591 416 n.
615 361 926 416 1vu111vvuusn1s

190 526 229 587 ut
241 520 268 587 si
282 519 354 605 quis
366 539 439 588 cers
450 518 575 586 voltum
588 515 683 596 Iocit3
703 513 821 598 exigite
834 515 875 578 ut
886 510 931 577 sit

188 625 222 684 et
235 623 328 702 peter
340 617 442 702 ipsius
454 621 574 694 ooetus,
590 635 631 680 ne
644 612 755 698 turpio
765 611 894 687 ludent,

189 737 230 781 ne
244 715 515 794 tenuntuicibum
536 716 664 778 nonest
678 711 811 776 lovetot
824 724 998 793 puerorum
1229 695 1295 760 240

188 815 352 878 observare
366 832 480 877 munus
493 812 663 893 oouloeque
676 809 712 873 in
725 809 791 872 flue
803 803 983 871 trementis.

191 911 308 976 ‘hoec'
322 909 431 992 inquit
446 910 568 984 ‘eurus
583 913 705 973 etcum
718 926 752 971 se
765 903 898 970 uerterit
909 919 1026 976 onnus,

188 1008 308 1092 accipe,
322 1005 437 1072 viotoni
450 1006 589 1090 populus
602 1005 689 1088 quod
701 1001 854 1088 postulet,
869 996 1013 1065 surum!

621 1243 772 1301 snum
792 1238 865 1295 vm

191 1395 367 1460 Stemmets
380 1393 459 1478 quid
472 1393 624 1458 tsoiuntt
663 1389 743 1474 quid
757 1388 900 1473 prodest,
916 1383 1061 1460 Pontice,
1076 1380 1176 1463 longo

189 1491 344 1572 sanguiue
357 1489 488 1567 censeri,
504 1490 607 1573 pictos
619 1489 785 1553 ostendere
798 1484 909 1550 vultus

189 1589 347 1652 maiorum
361 1591 394 1653 et
407 1587 522 1652 stantis
535 1586 571 1650 in
584 1583 732 1650 curribus
744 1582 943 1648 Aemilmuos

190 1689 223 1748 et
237 1681 592 1749 Ouriosismdimidios
605 1700 797 1764 umerosque
810 1679 969 1743 minorem
1242 1723 1249 1739 2

191 1771 1082 1861 Corvinumtthlbsmeuuiculisnssoqueoorentemi
1278 1768 1302 1831 δ

191 1879 263 1960 quis
274 1879 401 1944 tructus
414 1877 539 1962 generis
552 1877 662 1941 tabule
674 1875 793 1940 iuctsre
806 1871 916 1956 capuci

191 1974 377 2052 Corvinum,
393 1975 526 2058 posthse
539 1974 643 2037 mults
655 1971 843 2053 contiugere
855 1969 948 2052 virgo

190 2072 332 2137 fumosos
343 2071 490 2154 equitum
503 2091 578 2136 oum
591 2069 748 2135 dictatore
760 2068 941 2151 magistros,

190 2167 218 2232 si
232 2187 338 2232 ocrem
351 2168 482 2252 Lepidis
495 2167 579 2232 mslc
591 2166 737 2233 vivitur?
776 2165 896 2248 effigies
909 2181 976 2247 quc

190 2269 241 2328 tot
254 2264 456 2342 bellatorum,
471 2265 499 2330 si
511 2263 639 2329 luditur
650 2264 720 2328 eles
732 2281 855 2349 pernox

190 2365 266 2426 ante
280 2361 509 2438 Numantinos,
524 2361 552 2426 ei
565 2361 705 2426 dormire
718 2359 835 2444 incipis
847 2363 922 2423 ortu

191 2457 330 2532 luciferi,
346 2477 411 2540 quo
424 2457 516 2540 signs
528 2459 625 2522 ducos
639 2461 673 2522 et
685 2461 789 2522 cestre
800 2454 999 2520 movebunt?

191 2573 250 2618 our
262 2552 475 2636 Allobrogicis
488 2558 521 2619 ot
534 2573 651 2636 mogus
664 2555 803 2637 gaudent
815 2573 871 2617 ure

192 2655 287 2715 nutus
299 2651 335 2712 iu
349 2649 509 2715 Herculeo
523 2650 641 2714 Fabius
653 2650 731 2726 lore,
746 2649 774 2713 si
787 2647 936 2731 cupidus,
952 2647 980 2712 si

191 2766 292 2810 venus
305 2750 338 2811 et
351 2746 504 2828 Euganea
517 2747 723 2831 qusutnmuis
736 2747 864 2811 mollior
876 2765 972 2828 ugus,

191 2842 219 2906 si
233 2846 380 2906 tenerum
393 2842 525 2906 attritus
539 2843 703 2908 (lstineusi
716 2842 846 2926 pumice
859 2843 1011 2907 lumbum

192 2937 367 3020 squslentis
379 2939 521 3002 trsduoit
533 2959 608 3003 nvos
621 2942 809 3022 emptorque
822 2938 940 3002 veneni

191 3033 369 3116 frangenda
382 3034 529 3098 miserem
542 3036 686 3100 funestet
699 3035 840 3118 imsgiue
853 3034 1012 3116 gentem?

192 3133 261 3194 tots
273 3129 351 3194 licet
362 3134 483 3194 ueteres
496 3135 649 3195 exornent
663 3132 808 3214 undique
820 3151 910 3196 ceree

191 3225 284 3300 utris,
300 3225 450 3291 nobilitas
463 3225 529 3290 solu
541 3230 589 3290 est
602 3233 697 3310 utque
710 3228 807 3292 unice
819 3229 934 3292 virtus.

193 3321 313 3386 Paulus
325 3320 376 3386 u'el
391 3320 505 3385 Oossns
516 3322 567 3386 vel
581 3322 705 3388 Drusus
718 3325 863 3388 moribus
874 3328 955 3404 esto,

192 3418 251 3481 hos
264 3421 339 3481 unte
351 3416 470 3498 effigies
482 3417 640 3481 maiorum
653 3439 737 3501 pone
751 3428 893 3498 tuorum,

192 3514 382 3595 praecedent
396 3513 479 3595 ipses
492 3514 541 3578 illi
555 3518 587 3578 tc
600 3517 729 3581 consule
742 3518 859 3600 virgus.

193 3609 297 3690 prime
310 3608 393 3672 mihi
405 3609 501 3674 dobes
511 3610 611 3674 enimi
625 3612 718 3674 bona.
762 3617 890 3678 sanctus
903 3611 1018 3681 hubert

194 3703 397 3785 iustitiaeque
410 3707 505 3768 tenax
518 3705 614 3768 tactis
626 3706 784 3789 dictisque
797 3710 953 3774 mereris?

194 3816 330 3874 agnosco
342 3814 518 3880 procerem
538 3797 622 3864 sulus
637 3801 811 3879 Gaetulice,
827 3825 882 3868 seu
896 3810 935 3868 tu
