2909 4284
223 327 267 394 50
593 332 624 380 n.
650 332 747 382 rvnn
768 333 961 384 iuvencus

225 485 280 550 sed
294 485 404 550 venale
417 503 514 572 pecus
529 483 707 568 Oorypbaei
719 485 888 568 posteritas
900 487 934 548 et

226 583 370 666 Hirpini,
385 582 413 646 ri
426 601 497 646 reru
510 581 587 664 iugo
600 581 735 646 victorie
747 583 845 660 sedit3

224 680 272 742 nil
287 679 332 743 ibi
346 679 504 745 maiorum
517 683 690 764 respectus,
705 681 810 762 gratia
822 680 914 744 nulla

225 778 427 857 umbrarum
448 778 594 844 dominos
606 778 719 862 pretiis
732 782 857 842 mutere
870 777 1025 843 iubentur
1288 782 1330 843 65

225 875 360 957 exiguis,
376 875 455 939 trito
468 877 595 940 ducunt
607 877 766 959 epiraedia
779 876 861 940 collo

225 971 415 1056 segnipedes
424 974 579 1059 dignique
591 976 709 1038 molem
723 994 846 1039 versare
858 978 1000 1058 nepotes.

225 1089 301 1151 orgo
315 1073 353 1132 ut
366 1069 521 1135 miremur
534 1075 579 1149 te,
594 1092 661 1137 uon
676 1077 744 1149 tua,
759 1070 889 1155 privum
901 1072 1026 1154 aliquid
1038 1072 1092 1150 dn,

225 1159 310 1248 quod
324 1168 442 1251 possim
455 1169 561 1232 titulis
574 1169 715 1234 incidere
729 1173 855 1252 praeter
867 1168 1003 1233 bonores

225 1281 305 1345 quoe
318 1263 383 1328 illis
396 1265 509 1329 demus
521 1287 558 1330 ac
572 1267 730 1343 dedimus,
746 1267 863 1351 quibus
876 1265 984 1330 omnio
996 1267 1101 1332 debes.

265 1359 344 1424 bueo
357 1361 434 1426 sotis
446 1363 488 1427 ud
501 1363 649 1429 iuvenem
664 1383 759 1446 quem
773 1363 865 1428 nobie
877 1365 965 1428 tama
978 1354 1151 1448 superbum

224 1458 326 1522 tradit
338 1462 373 1523 et
385 1459 533 1524 inflatum
545 1461 741 1544 plenumque
754 1461 883 1526 Nerone
896 1461 1091 1546 propinquo,

224 1575 317 1618 rarus
331 1556 419 1619 enim
431 1556 533 1620 terme
546 1577 655 1621 sensns
667 1558 848 1622 communie
863 1558 900 1621 in
912 1558 969 1622 illa

224 1653 366 1718 fortune.
410 1654 466 1718 sed
480 1658 513 1718 ie
526 1654 646 1718 censeri
659 1655 754 1720 laude
767 1658 910 1731 tuorum,

225 1749 370 1827 Pontice,
386 1750 544 1814 noluerim
558 1751 604 1816 sic
617 1755 657 1815 ut
669 1752 753 1816 nihil
767 1752 835 1835 ipse
847 1755 977 1818 suturae
1202 1831 1204 1834 Ι

224 1847 329 1910 laudis
342 1868 427 1930 agas.
470 1849 621 1914 miserum
634 1853 684 1913 est
695 1851 833 1914 aliorum
848 1850 1034 1915 incumbere
1047 1852 1163 1927 famae,

224 1963 267 2011 ne
279 1946 428 2030 conlapsa
440 1949 538 2010 ruant
550 1947 717 2012 subductis
730 1951 815 2011 tecta
828 1948 995 2012 columnis.

225 2046 345 2108 stratus
358 2043 450 2106 humi
463 2043 585 2128 palmes
597 2046 710 2110 viduas
722 2045 881 2110 desiderat
894 2046 1006 2109 ulmos.

225 2144 293 2204 esto
306 2140 409 2206 bonus
421 2141 524 2219 miles,
540 2145 630 2206 tutor
643 2143 756 2219 bonus,
771 2143 892 2207 arbiter
905 2142 990 2207 idem

224 2236 364 2320 integer-3
385 2238 552 2320 ambiguae
566 2239 593 2304 si
607 2241 736 2321 qnando
749 2240 886 2304 citabere
900 2240 990 2304 testis

224 2336 429 2418 incertaeque
442 2336 499 2412 rei,
516 2336 660 2400 Phalaris
673 2337 750 2401 licet
762 2337 900 2420 imperet
911 2345 951 2400 ut
963 2337 1007 2401 sis
1117 2395 1120 2399 ,

224 2432 324 2496 falsus
337 2436 371 2496 et
384 2433 513 2497 admoto
526 2433 627 2497 dictet
639 2433 781 2518 periuria
794 2436 899 2510 tauro,

224 2549 387 2594 summum
401 2529 495 2593 crede
507 2531 598 2594 nefas
610 2530 752 2594 animem
766 2531 926 2613 praeferre
939 2531 1054 2614 pudori

223 2631 257 2691 et
270 2631 401 2710 propter
414 2627 514 2691 vitum
529 2627 657 2692 vivendi
670 2629 802 2711 perdere
816 2648 936 2691 causes.

224 2725 343 2806 dignus
355 2728 459 2788 morte
472 2725 566 2807 perit,
582 2728 676 2789 cenet
689 2725 765 2790 licet
778 2730 882 2789 ostrea
894 2727 1025 2789 centum

224 2823 374 2886 Gaurana
386 2825 419 2884 et
435 2821 540 2885 Cosmi
554 2825 625 2885 toto
638 2827 803 2904 mergatur
815 2843 904 2887 aeno.

223 2923 388 3002 expectate
400 2920 459 2982 diu
473 2921 602 2983 tandem
616 2920 780 3002 provincia
793 2941 867 2983 cum
881 2923 915 2985 te

223 3020 379 3080 rectorem
392 3016 542 3098 accipiat,
557 3035 640 3098 pone
654 3015 719 3080 irae
733 3017 826 3082 irena
839 3019 1045 3102 modumque,

223 3133 307 3198 pone
320 3117 354 3176 et
366 3113 528 3189 avaritiae,
543 3113 692 3177 miserere
705 3114 840 3197 inopum
853 3114 1053 3179 sociorum-

223 3231 291 3275 ossa
305 3210 393 3274 vides
406 3230 514 3274 rerum
528 3211 637 3275 vacuis
650 3215 766 3274 exucta
779 3211 971 3276 medullis-

223 3308 343 3390 respice
358 3308 435 3389 quid
449 3311 602 3371 moneant
615 3308 710 3389 leges,
726 3309 807 3390 qnid
821 3308 910 3372 ouria
923 3311 1065 3387 mandet,

222 3407 363 3490 praemia
377 3412 497 3488 quanta
509 3405 610 3469 bonos
622 3411 784 3482 maneant,
801 3426 898 3489 quem
911 3407 1050 3472 fulmine
1063 3407 1150 3474 iusto

222 3511 256 3568 et
270 3504 384 3587 Capito
398 3508 431 3568 et
444 3503 599 3567 Numitor
612 3505 737 3568 ruerint
750 3505 925 3569 damnante
938 3514 1050 3570 senatu

222 3602 344 3684 piratae
358 3601 507 3665 Cilicum.
551 3603 605 3665 sed
620 3602 697 3684 quid
711 3603 876 3668 damnatio
889 3605 1041 3668 confert?

223 3718 420 3781 praeconem,
437 3698 627 3780 Chaerippo,
644 3699 710 3763 tuis
729 3700 937 3782 circumspice
950 3701 1077 3783 pannis,

222 3812 297 3856 cnm
312 3793 414 3858 Pausa
427 3793 543 3877 eripiat
556 3794 713 3877 quidquid
726 3795 787 3859 tibi
801 3796 903 3860 Nattu
916 3797 1057 3880 reliquit,
