2909 4284
495 355 498 361 ’
576 342 717 396 ,SATVRA
738 343 753 389 1

150 496 223 581 ipse
238 493 306 560 dies
320 494 458 579 pulchro
470 493 687 578 distinguitur
700 494 815 559 ordine
828 510 963 559 rerum:

108 594 268 678 sportula,
286 593 403 677 deinde
418 594 528 656 iorum
541 592 685 675 iurisque
699 591 825 676 peritus
839 592 958 675 Apollo

109 697 210 774 atque
225 690 449 772 triumphales,
466 690 552 755 inter
566 710 646 773 quas
659 709 758 754 ausus
771 690 890 753 habere

108 788 222 852 nescio
237 787 309 869 quis
323 787 438 851 titulos
452 787 635 869 Aegyptius
649 793 749 869 atque
762 786 975 862 Arabarches,

110 887 206 949 cuius
221 887 263 948 ad
278 885 415 967 effigiem
429 905 496 948 non
510 889 642 948 tantum
656 885 775 948 meiere
788 885 839 948 ias
852 888 912 948 est.

110 983 282 1046 vestibulis
296 984 418 1045 abeunt
431 987 555 1046 veteres
568 982 707 1064 lassique
722 981 857 1046 clientes

109 1085 253 1164 votaque
268 1081 447 1162 deponunt,
463 1099 660 1163 quamquam
673 1079 862 1162 longissima
876 1098 974 1144 oense

110 1199 185 1260 spes
199 1178 325 1241 homini
338 1198 348 1256 ;
369 1177 469 1242 caulis
483 1177 607 1242 miseris
620 1183 720 1261 atque
733 1176 820 1259 ignis
833 1176 1000 1242 emendus.

110 1275 238 1357 optima
252 1275 405 1339 silvarum
420 1274 543 1338 interea
556 1274 727 1356 pelagique
742 1273 869 1338 vorabit

111 1393 169 1436 rex
182 1372 301 1436 horum
315 1372 489 1455 vacuisque
500 1371 581 1435 toris
594 1375 726 1435 tantum
740 1370 810 1453 ipse
824 1371 953 1437 iacebit.

110 1490 190 1533 nem
205 1471 245 1533 de
259 1473 311 1533 tot
324 1468 469 1553 pulchris
484 1469 606 1532 stlatis
621 1468 753 1532 orbibus
768 1472 801 1531 et
815 1472 884 1534 tam

110 1567 258 1650 antiquis
273 1586 338 1629 una
352 1566 528 1629 comedunt
542 1564 740 1648 patrimonia
753 1584 874 1629 mensa.

110 1665 225 1728 nullus
239 1663 304 1727 iam
317 1663 478 1745 parasitus
493 1663 580 1726 erit?
611 1664 667 1727 sed
683 1662 755 1746 quis
767 1663 852 1726 ierat
865 1661 944 1726 istas

110 1761 261 1826 luxurias
276 1762 384 1824 sordes
399 1761 414 1825 l
454 1764 576 1844 quanta
590 1763 640 1823 est
654 1760 733 1841 gula
747 1779 830 1842 quae
844 1758 906 1822 sibi
923 1762 1012 1824 totos

110 1859 209 1944 ponit
222 1879 327 1943 apros,
343 1858 463 1922 animal
476 1863 610 1941 propter
625 1856 774 1920 convivia
787 1861 903 1920 natum
916 1856 931 1922 ἲ

111 1977 218 2040 poena
231 1960 341 2019 tamen
355 1974 516 2038 praesens,
534 1974 609 2018 cum
623 1958 663 2018 tu
678 1954 815 2037 deponis
828 1954 968 2018 amictus

111 2052 266 2136 turgidus
280 2057 313 2116 et
327 2053 464 2116 crudum
477 2072 636 2135 pavonem
650 2052 685 2115 in
699 2052 815 2116 balnea
827 2056 947 2134 portas.

111 2152 190 2218 hinc
204 2151 330 2215 subitae
344 2154 464 2236 mortes
478 2154 576 2232 atque
590 2150 747 2216 intestata
760 2153 920 2226 senectus,

112 2253 145 2313 et
158 2268 246 2312 nova
258 2267 318 2311 nec
333 2247 436 2311 tristis
451 2266 509 2329 per
523 2251 657 2311 cunctas
672 2246 785 2311 fabula
795 2266 910 2311 cenas:

112 2346 249 2410 ducitur
261 2345 353 2408 iratis
366 2346 590 2430 plaudendum
602 2345 704 2408 funus
718 2343 841 2408 amicis.

151 2443 201 2507 nil
216 2443 278 2506 erit
292 2443 430 2506 ulterius
445 2443 532 2526 quod
545 2441 665 2507 nostris
680 2442 825 2506 moribus
838 2441 938 2506 addat

111 2540 298 2627 posteritas,
315 2541 426 2604 eadem
441 2540 565 2604 iaciant
580 2540 779 2622 cupientque
794 2539 957 2603 minores:

111 2659 209 2703 omne
223 2638 259 2700 in
273 2636 444 2720 praecipiti
458 2637 578 2702 vitium
591 2637 695 2700 stetit.
741 2640 833 2700 utere
847 2635 938 2712 velis,

111 2740 200 2800 totos
214 2736 322 2818 pande
337 2735 437 2799 sinus.
482 2730 574 2798 dicas
585 2734 638 2797 hic
653 2734 794 2798 forsitan
810 2733 917 2796 ‘unde

111 2833 284 2916 ingenium
298 2852 356 2917 par
368 2831 522 2896 materiae
537 2831 551 2896 i
593 2833 680 2896 unde
692 2832 753 2920 ¹illa
766 2830 913 2913 priorum

112 2929 277 2995 scribendi
291 2930 517 3013 quodcumque
531 2929 639 2993 animo
654 2930 812 3011 flagrante
825 2928 942 2991 liberet

112 3027 305 3110 simplicitas
318 3027 352 3092 i’
394 3027 486 3090 cuius
500 3047 567 3090 non
581 3027 686 3091 audeo
701 3026 809 3089 dicere
822 3043 942 3088 nomen
956 3023 972 3089 i

112 3128 194 3210 quid
207 3127 321 3202 refert,
338 3125 434 3188 dictis
448 3125 595 3207 ignoscat
610 3124 739 3188 Mucius
753 3144 795 3188 an
809 3143 876 3186 non
890 3123 905 3187 i

115 3231 223 3308 ‘pone
237 3222 458 3305 Tigellinum:
479 3223 575 3285 taeda
587 3222 711 3285 lucebis
725 3221 760 3284 in
775 3221 842 3297 illa,

113 3343 179 3406 qua
192 3323 317 3386 stantes
331 3320 447 3383 ardent
461 3319 518 3402 qui
532 3321 595 3382 fixo
610 3323 742 3401 pectore
755 3319 898 3394 fumant,

113 3423 147 3484 et
160 3419 269 3482 latum
283 3415 389 3481 media
403 3416 530 3480 sulcum
545 3416 679 3479 deducis
694 3414 840 3479 harena?

114 3515 172 3600 qui
185 3514 280 3578 dedit
294 3533 370 3597 ergo
384 3513 489 3577 tribus
503 3513 629 3595 patruis
644 3513 784 3588 aconita,
800 3512 939 3577 vehatur

112 3612 294 3698 pensilibus
308 3611 428 3694 plumis
441 3615 540 3695 atque
555 3611 646 3674 illino
662 3610 821 3693 despiciat
833 3609 921 3674 nos?

117 3718 214 3775 ‘cum
228 3709 338 3776 reniet
352 3713 476 3785 contra,
494 3708 599 3790 digito
613 3728 781 3792 compesce
794 3707 970 3774 labellum:

114 3811 285 3875 accusator
300 3806 363 3872 erit
378 3806 434 3890 qui
448 3806 584 3872 verbum
598 3805 717 3870 dixerit
731 3810 755 3842 “
765 3805 820 3868 hic
834 3803 918 3871 est.”
