2909 4284
187 319 249 368 110
550 313 584 364 D.
608 313 705 363 mm
726 311 919 363 ussurus
1011 333 1015 342 ·

188 492 255 536 esse
268 472 343 538 deos
357 492 436 556 ques
449 471 517 556 ipse
529 472 615 537 colit.
661 472 715 536 sed
730 475 873 555 tempore
885 472 969 536 teste

187 569 319 634 ulterius
332 569 446 653 pepuli
460 571 612 654 rapienda
625 569 746 635 occasio
759 569 885 634 cunctis

187 667 255 732 risa
268 667 473 732 inimicorum
486 669 680 751 primoribus
692 689 730 732 ac
743 667 891 743 ducibus,
906 685 948 728 ne

187 764 309 830 laetum
322 765 522 847 hilaremque
535 766 632 840 diem,
648 785 690 828 ne
702 784 837 847 magnae
850 761 968 846 gaudia
980 778 1075 826 cenae

187 863 345 926 sentirent
357 862 469 945 positis
482 863 523 926 ad
537 863 703 944 tempiset
716 865 857 944 compita
870 858 987 923 mensis

187 958 400 1041 pervigilique
413 963 494 1035 tcrc,
511 979 606 1040 quem
619 965 713 1022 nocte
725 979 763 1022 ac
776 957 848 1022 luee
862 956 1019 1020 iacentem

185 1056 343 1138 septimus
357 1055 524 1119 interdum
537 1053 585 1118 sci
598 1051 736 1117 inuenit.
779 1049 912 1115 horrida
923 1069 1001 1116 saue

185 1152 359 1234 Aegyptos,
374 1151 430 1215 sed
444 1149 582 1225 luxuria,
600 1153 759 1232 quantum
773 1149 841 1233 ipse
853 1145 974 1224 nemsi,

185 1249 317 1312 barbam
330 1251 452 1314 tamese
465 1267 531 1312 ncn
544 1249 632 1312 cedit
644 1249 742 1312 turba
756 1247 897 1329 Oenope.

185 1347 267 1412 adde
281 1348 367 1431 qued
381 1351 415 1410 et
427 1345 532 1411 facilis
544 1345 678 1409 victoria
691 1347 732 1410 de
745 1343 883 1408 madidis
895 1347 929 1418 et

185 1445 298 1509 blaesis
310 1448 408 1526 atque
420 1463 508 1508 merc
521 1442 748 1508 titubantibus.
793 1439 868 1505 inde
882 1440 1024 1503 virerum

185 1543 320 1606 saltatus
332 1541 426 1624 nigre
439 1541 581 1616 tibicine,
598 1539 844 1623 qualiacumque

185 1644 353 1722 unguenta
365 1643 398 1703 et
411 1639 503 1703 flores
516 1639 701 1720 multaeque
713 1636 751 1700 in
764 1637 873 1700 ircnte
885 1649 1033 1716 cerenser

185 1738 263 1802 hinc
276 1737 423 1801 ieiunum
437 1736 557 1800 edium.
601 1735 656 1799 sed
670 1733 775 1816 iurgia
788 1733 893 1816 prima
906 1751 1017 1796 souare

185 1833 349 1918 incipiunt
361 1834 478 1898 animis
489 1833 688 1908 ardentibus,
704 1832 782 1895 haec
795 1831 875 1895 tuba
888 1830 985 1894 rixae.

185 1930 262 1994 dein
275 1930 411 1994 elamore
424 1928 494 2013 pari
508 1928 722 2004 concurritur,
739 1932 772 1992 et
786 1927 855 1992 viee
868 1924 925 1990 teli

186 2027 286 2092 saevit
298 2027 388 2091 nuda
400 2046 526 2091 manus.
568 2024 771 2110 paucaesine
784 2024 917 2088 vulnere
931 2024 1043 2100 malae,
1170 2017 1172 2023 ’

186 2124 242 2189 rix
254 2124 406 2206 cuiquam
418 2128 476 2187 aut
490 2121 573 2187 nulli
587 2126 656 2186 tote
669 2121 843 2185 certamine
856 2140 953 2184 nasus

186 2220 322 2300 integer.
364 2220 518 2302 aspiceres
531 2219 596 2282 iam
609 2224 727 2283 cuncta
740 2238 798 2300 per
811 2217 941 2299 agmina
953 2215 1064 2280 vultus

187 2317 348 2392 dimidios,
363 2316 440 2380 alius
454 2316 551 2381 iacies
564 2320 598 2379 et
610 2314 736 2390 hiantia
745 2313 855 2398 'ruptis

186 2435 255 2478 essa
267 2413 368 2494 genis,
383 2415 495 2496 plenos
508 2413 675 2477 oculorum
689 2411 846 2494 sanguine
859 2429 995 2494 pugnes.

186 2512 296 2574 ludere
310 2531 343 2573 se
356 2511 494 2574 credunt
507 2510 569 2592 ipsi
582 2515 692 2574 tamen
706 2514 740 2573 et
753 2509 886 2593 puerilis

187 2626 330 2671 exeruere
343 2606 435 2681 acies,
452 2607 538 2689 qucd
552 2608 643 2670 nulla
656 2607 809 2670 cadavera
822 2606 955 2669 calcent.

187 2708 221 2767 et
234 2722 307 2766 sane
321 2723 386 2784 quc
399 2707 449 2766 tct
462 2703 597 2767 rixantis
612 2703 701 2766 milia
715 2703 838 2778 turbae,

187 2800 215 2864 si
228 2799 343 2864 vivunt
355 2802 489 2862 omnes?
529 2821 604 2880 ergo
617 2801 721 2864 acrior
734 2799 885 2882 impetus,
901 2805 935 2864 et
948 2799 1014 2863 iam

187 2916 263 2960 saxa
276 2894 438 2958 inclinatis
451 2915 508 2977 per
520 2896 659 2960 humum
674 2897 817 2979 quaesita
829 2897 957 2960 lacertis

188 2991 351 3073 incipiunt
365 2996 524 3072 torquere,
540 2992 713 3056 domestica
726 2992 876 3056 seditioni

188 3087 263 3163 teia,
279 3107 338 3150 nec
351 3086 439 3149 hune
452 3087 602 3168 lapidem,
620 3089 723 3170 qualis
738 3095 771 3152 et
785 3088 917 3152 Turnus
930 3093 964 3152 et
976 3087 1071 3164 Aiax,

188 3185 239 3248 rel
253 3204 317 3266 quc
331 3183 470 3264 Tydides
482 3184 639 3265 percussit
652 3187 793 3268 pondere
807 3205 918 3250 coxam

189 3280 324 3355 Aeneae,
340 3281 395 3342 sed
409 3300 505 3362 quern
518 3281 644 3344 ualeant
657 3282 803 3345 emittere
816 3284 947 3346 dextrae

189 3376 254 3439 illis
267 3375 435 3439 dissimiles
448 3379 482 3439 et
495 3381 603 3440 nostro
617 3382 761 3460 tempore
776 3383 879 3442 natue.

189 3494 265 3537 nam
279 3493 380 3556 genus
392 3473 454 3536 hcc
467 3471 540 3536 vivo
554 3473 617 3537 iam
631 3475 829 3539 decrescebat
844 3475 996 3552 Homero,

190 3574 275 3634 terra
288 3570 387 3633 malcs
399 3568 546 3633 homines
559 3591 647 3634 nunc
660 3571 777 3635 educat
790 3577 887 3654 atquc
901 3573 1049 3654 pusillcs;
1087 3641 1091 3649 ,

190 3685 265 3745 ergo
278 3666 358 3728 deus
371 3665 566 3747 quicumque
578 3667 711 3748 aspexit,
728 3667 813 3731 ridet
826 3673 859 3731 et
874 3668 952 3732 odit.

191 3779 212 3821 a
224 3761 419 3826 deverticulo
431 3764 595 3843 repetatur
607 3762 725 3826 fabula
769 3768 939 3844 postquam
