2909 4284
600 345 842 431 mmm·

152 499 317 584 paenituit
330 500 448 566 multos
461 521 560 566 ranae
573 499 752 582 sterilisque
766 500 946 577 cathedrae,

152 598 240 661 sicut
254 598 433 680 Lysimachi
446 600 561 682 probat
573 598 678 662 exitus
691 605 789 680 atque
803 598 942 662 mundi

153 695 346 774 Oarrinatis3
367 702 400 760 et
413 696 500 761 huno
513 697 641 778 inopem
656 696 791 772 vidistis,
807 696 965 773 Athenae,
1194 704 1255 765 206

151 794 203 855 nil
217 797 343 876 praeter
355 795 474 876 gelidas
487 814 580 858 ausae
594 793 739 858 conterre
753 794 884 858 cicutas.

152 890 201 966 di,
217 891 373 955 maiorum
387 893 509 958 umbris
523 897 653 956 tenuem
666 894 700 954 et
713 891 782 954 eine
797 891 937 974 pondere
948 894 1068 956 maram

152 989 367 1071 spirantisque
380 1009 486 1054 crocos
499 993 533 1054 et
545 990 581 1052 in
594 1008 676 1052 urna
689 991 884 1071 perpetuum
898 1007 964 1063 rer,
1072 1067 1077 1073 .

153 1087 212 1168 qui
226 1090 460 1169 praeceptorem
474 1087 576 1150 sancti
589 1087 717 1151 voluere
730 1086 872 1168 parentis

151 1184 311 1247 csseloco.
356 1188 501 1248 metuens
514 1185 620 1266 virgae
633 1183 698 1248 iam
711 1183 843 1266 grandis
855 1181 999 1246 Achilles
1195 1187 1257 1249 210

151 1281 305 1344 cantabat
317 1281 430 1364 patriis
444 1282 479 1344 in
493 1282 656 1345 montibus
669 1285 702 1344 et
716 1280 768 1344 cui
783 1300 849 1344 non
862 1283 942 1342 tuno

152 1377 286 1441 eliceret
298 1379 398 1442 risum
411 1379 586 1443 citharoedi
600 1379 701 1442 canda
714 1376 871 1459 magistri,

152 1475 210 1538 sed
229 1476 348 1538 Rufum
362 1480 457 1559 atquo
471 1477 549 1540 alios
562 1476 668 1540 caedit
681 1495 738 1539 sua
751 1494 910 1557 quemque
925 1473 1086 1552 iuventus,

153 1572 292 1648 Rufum,
308 1592 403 1655 quem
418 1574 535 1637 totiens
549 1572 736 1637 Ciceronem
751 1572 923 1653 Allobroga
936 1571 1028 1635 dixit.

198 1669 269 1753 quis
282 1671 404 1751 gremio
419 1669 528 1735 Oeladi
541 1670 691 1751 doctique
706 1669 905 1733 Palaemonis
918 1669 1025 1732 adfert
1196 1673 1256 1734 21⁶

155 1771 317 1849 qnantum
330 1768 556 1849 grammaticus
569 1767 688 1830 meruit
700 1766 814 1830 labor?
854 1770 887 1830 et
901 1770 1009 1829 tamen
1022 1785 1063 1829 ex
1075 1765 1135 1830 hoc

154 1865 380 1947 quodcumque
395 1869 453 1940 est,
469 1865 577 1928 minus
590 1867 639 1928 cst
651 1869 761 1927 autem
775 1883 872 1947 quam
885 1862 1023 1927 rhetoris
1035 1882 1119 1938 aera,

154 1961 307 2045 discipuli
320 1966 426 2026 eustos
438 1963 640 2046 praemordet
653 1964 895 2037 acoenonoetus,

153 2060 259 2144 etqui
273 2060 445 2141 dispensat,
462 2059 585 2141 trangit
598 2059 670 2122 sibi.
714 2060 801 2135 cede,
818 2058 1000 2135 Palaemon,

154 2161 191 2221 et
202 2163 312 2240 patere
325 2157 401 2221 inde
415 2157 537 2238 aliquid
552 2157 740 2232 decrescere,
756 2175 821 2220 non
835 2156 928 2219 aliter
942 2176 1038 2239 quam
1196 2161 1257 2222 220

154 2254 288 2318 institor
300 2253 450 2317 hibernae
464 2253 579 2335 tegetis
592 2251 740 2336 niveique
754 2252 894 2328 cadurci,

155 2351 333 2415 dummodo
346 2371 412 2414 non
425 2353 534 2433 pereat
547 2349 669 2414 mediae
683 2350 769 2430 quod
782 2349 886 2412 noetis
898 2348 939 2412 ab
951 2347 1031 2413 bora

155 2449 280 2524 sedisti,
297 2468 359 2531 qua
371 2468 465 2512 nemo
478 2448 579 2524 faber,
596 2467 658 2530 qua
671 2467 765 2511 nemo
779 2446 903 2510 sederet

154 2545 214 2629 qui
227 2546 322 2609 docet
334 2545 462 2627 obliquo
475 2544 583 2607 lanam
596 2544 752 2607 deducere
765 2544 865 2620 ierr03

154 2643 333 2706 dummodo
346 2661 412 2704 non
425 2644 535 2723 pereat
548 2641 684 2704 totidem
698 2640 841 2704 olfecisse
855 2639 1011 2716 lucernas,
1197 2643 1258 2706 226

155 2743 238 2823 quot
251 2739 380 2803 stabant
392 2737 495 2820 puori,
511 2758 586 2801 oum
600 2741 687 2801 totus
702 2737 828 2800 decolor
841 2739 923 2800 esset

154 2837 292 2900 Flaccus
305 2839 338 2898 et
351 2835 493 2899 haereret
507 2835 600 2917 nigro
613 2835 718 2916 fuligo
733 2833 868 2897 Maroni.

154 2953 229 2996 rara
243 2936 350 2996 tamen
364 2951 483 2995 merces
496 2950 576 3013 quae
590 2931 774 3013 cognitione
787 2929 911 2994 tribuni

154 3051 225 3094 non
238 3032 340 3112 egeat.
383 3030 438 3094 sed
451 3049 506 3094 ros
520 3045 626 3094 saevas
639 3029 786 3112 inponite
799 3029 895 3110 leges,

154 3131 198 3190 ut
210 3127 407 3210 praeceptori
422 3127 590 3191 verborum
603 3126 714 3208 regula
727 3129 862 3202 constet,

153 3229 198 3288 nt
209 3226 298 3307 legat
310 3225 468 3302 historias,
484 3229 628 3288 auctores
642 3224 768 3289 noverit
783 3244 891 3289 omnes
981 3284 983 3287 ,

154 3327 322 3406 tamquam
336 3343 460 3404 ungues
473 3322 652 3404 digitosque
667 3343 750 3398 suos,
766 3325 805 3385 ut
818 3323 902 3386 sorte
917 3326 1047 3404 rogatus

153 3421 237 3484 dum
251 3420 334 3503 petit
347 3423 405 3483 aut
417 3419 557 3484 thermas
570 3423 628 3484 aut
643 3419 764 3483 Phoebi
778 3420 900 3495 balnea,
917 3419 1004 3483 dicat

153 3519 318 3584 nutricem
332 3519 502 3594 Anchisae,
519 3539 635 3582 nomen
649 3519 851 3600 patriamque
864 3537 1016 3582 novercae
1123 3549 1128 3559 ¹

153 3615 361 3691 Anchemoli,
377 3616 464 3678 dieat
478 3619 558 3698 quot
570 3616 700 3680 Acestes
714 3615 830 3680 vixerit
843 3615 947 3690 annis,
1152 3668 1155 3674 ,
1179 3669 1183 3676 .
1198 3616 1258 3677 235

154 3718 237 3797 quot
251 3713 351 3778 Siculi
366 3712 546 3794 Phrygibus
560 3712 628 3776 vini
642 3713 808 3775 donaverit
821 3732 929 3776 urnas.

154 3810 277 3890 exigite
291 3812 330 3871 nt
343 3828 445 3872 mores
459 3811 583 3874 teneros
596 3827 654 3872 ceu
669 3808 784 3892 pollice
797 3809 905 3884 ducat,
