2909 4284
572 310 707 362 ssrvns
728 285 768 362 'vr

110 479 180 526 non
193 460 289 526 aliter
303 481 398 545 quam
412 459 439 526 si
452 459 579 526 iecisset
592 461 675 525 Iuno
689 459 843 526 maritum

110 559 275 622 insanum.
318 559 427 624 minus
440 579 515 641 ergo
529 578 646 622 neeens
659 559 721 623 erit
734 557 934 641 Agrippinae

110 656 250 732 boletus,
267 656 425 739 siquidem
438 654 535 742 unius
548 656 733 740 praeeordia
745 655 860 739 pressit

109 753 169 818 ille
182 754 267 818 senis
281 755 520 836 tremulumque
534 764 632 836 eaput
645 754 835 818 despondere
848 751 942 818 iussit

110 852 149 916 in
163 853 288 916 eaelum
302 856 335 915 et
349 851 445 933 longa
457 850 623 914 manantia
635 851 724 914 labra
737 850 844 915 salira.

110 950 192 1013 haee
205 948 308 1032 poscit
321 949 446 1013 ferrum
459 952 555 1030 atque
569 947 669 1031 ignes,
686 948 765 1012 haee
778 948 867 1031 potio'
880 949 1020 1031 torquet,

110 1047 193 1110 haee
207 1047 324 1110 laeerat
337 1045 454 1109 mixtos
468 1045 615 1127 equitum
630 1065 705 1110 eum
719 1045 875 1128 sanguine
888 1049 1004 1129 patres.

110 1144 199 1208 tanti
213 1147 324 1226 partus
338 1163 447 1226 equae,
464 1143 547 1206 tanti
561 1161 627 1207 una
640 1144 780 1207 venefiea
792 1147 926 1208 eonstat.

154 1242 295 1305 ederunt
307 1245 400 1305 natea
413 1242 454 1304 de
466 1240 601 1322 paelice3
623 1259 718 1304 nemo
731 1235 900 1324 repugnet,

111 1359 210 1402 neme
224 1341 321 1414 vetet,
336 1337 401 1402 iam
414 1338 479 1402 iam
493 1338 680 1423 priuignum
695 1339 839 1403 decidere
853 1339 902 1402 ias
915 1341 976 1405 aa.

111 1456 254 1518 vosego,
270 1435 399 1520 pupilli,
415 1456 540 1512 moneo,
557 1436 673 1518 quibus
687 1437 823 1520 amplior
836 1439 885 1500 est
897 1455 959 1514 rea,

111 1533 273 1598 custodite
286 1534 409 1598 animas
422 1538 455 1598 et
468 1535 552 1598 nulli
566 1534 685 1598 eredite
699 1555 837 1612 mensae,

111 1632 215 1696 livida
228 1635 373 1695 materno
386 1633 512 1695 dement
525 1632 655 1714 adipata
668 1652 803 1696 veneno.

112 1729 261 1793 mordeat
273 1732 348 1793 ante
361 1729 478 1811 aliquia
493 1729 652 1812 quidquid
666 1729 844 1812 porrexerit
856 1729 913 1794 illa
1065 1789 1068 1795 ,

113 1847 198 1909 quae
211 1827 346 1910 peperit,
363 1826 496 1890 timidus
510 1830 694 1910 praegustet
707 1827 823 1910 poeula
836 1845 944 1910 papas

112 1924 269 2006 fingimus
281 1923 359 1987 haee
372 1924 475 1987 altum
489 1928 598 1987 satura
612 1927 757 1988 sumente
771 1924 968 1988 eothurnum

112 2021 248 2096 scilieet,
264 2025 297 2084 et
310 2022 407 2085 finem
421 2021 536 2102 egressi
549 2022 717 2103 legemque
731 2021 875 2103 priorum

111 2119 236 2200 grande
251 2117 425 2200 Sophocleo
439 2138 566 2185 earmen
581 2118 773 2182 bacchamur
786 2117 890 2195 hiatu,

112 2217 279 2280 montibus
293 2217 441 2298 ignotum
456 2217 585 2280 Rutulis
599 2217 748 2298 caeloque
763 2217 907 2280 Latino?

110 2331 172 2377 nos
187 2313 313 2376 utinam
328 2313 413 2377 vani.
455 2314 509 2376 sed
524 2313 641 2377 elamat
656 2314 773 2376 Pontia
789 2314 882 2390 ‘feei

111 2411 279 2486 confiteor,
295 2410 465 2493 puerisque
479 2410 559 2474 meis
573 2411 699 2474 aeonita
712 2411 834 2494 peravi,

111 2527 196 2590 quae
209 2508 364 2589 deprensa
377 2512 504 2591 patent3
526 2507 653 2572 facinus
667 2511 776 2571 tamen
789 2507 859 2590 ipsa
872 2504 1008 2592 peregi)

111 2610 194 2668 tune
207 2604 289 2668 duos
302 2624 378 2678 una,
394 2604 573 2671 saevissima
587 2605 707 2687 vipera,
724 2607 827 2669 esna?

111 2706 194 2764 tune
206 2702 312 2764 duos?
328 2701 479 2785 ‘septem
495 2702 522 2765 si
537 2707 659 2784 septem
673 2703 758 2766 forte
771 2702 935 2767 fuissent!

110 2800 282 2863 credamus
295 2798 423 2882 tragicis
437 2800 595 2882 quidquid
609 2800 649 2864 de
665 2800 818 2863 Golehide
832 2804 923 2865 torva

111 2898 235 2962 dieitur
248 2901 282 2961 et
296 2897 431 2981 Progne,
447 2899 495 2961 nil
509 2904 623 2963 eontra
635 2920 743 2964 eonor.
787 2903 820 2964 et
833 2900 908 2963 illae

111 2995 249 3076 grandia
262 3001 405 3060 menstra
418 2996 483 3060 suis
496 2998 658 3062 audebant
672 2997 880 3080 temporibus,
896 2999 951 3062 sed

111 3115 178 3157 non
192 3096 326 3176 prepter
338 3114 496 3158 nummos.
542 3097 646 3159 minor
659 3096 829 3159 admiratio
843 3096 978 3162 summis

110 3193 249 3255 debetur
262 3191 423 3267 monstris,
441 3193 588 3275 quotiens
602 3193 682 3258 iacit
695 3193 744 3257 ira
758 3197 908 3258 noeentes

111 3291 201 3352 hune
215 3307 341 3365 sexum3
363 3290 450 3354 rabie
464 3291 552 3354 ieeur
565 3291 757 3356 incendente
770 3292 923 3356 seruntur

109 3385 302 3469 praecipites
315 3391 354 3451 ut
367 3408 442 3451 saxa
455 3387 540 3470 iugis
552 3390 699 3472 abrupte,
717 3389 834 3472 quibus
847 3409 940 3454 mone

110 3482 316 3547 subtrahitur
328 3485 475 3567 alivoque
487 3486 573 3550 latus
586 3487 747 3570 pendente
761 3487 890 3550 reeedit.

110 3581 201 3644 illam
216 3599 276 3662 ego
290 3601 356 3645 non
370 3582 511 3660 tulerim,
528 3604 609 3666 quae
622 3586 779 3667 conputat
792 3589 826 3649 at
838 3585 940 3648 seelus
952 3581 1067 3668 ingens

108 3698 187 3742 sana
201 3679 292 3742 facit.
337 3684 483 3762 spectant
497 3683 685 3746 subeuntem
699 3683 768 3745 tata
781 3681 890 3746 mariti

109 3776 282 3854 Alcestim,
299 3780 332 3842 et
346 3777 459 3843 similis
473 3779 499 3843 si
514 3779 710 3864 permutatio
723 3780 830 3858 detur,

243 3896 261 3947 4
