2909 4284
238 295 284 384 96
605 291 638 343 D.
662 289 761 342 mm
782 292 975 343 lVVBNfflB

238 447 420 522 contentus,
436 463 549 511 vexare
562 445 671 510 oculos
684 463 796 510 umore
809 448 932 510 coacto:

239 543 384 626 ploratur
397 542 536 607 lacrimis
548 542 663 607 amissa
675 543 814 628 pecunia
826 543 921 609 reris.

239 641 335 705 sedet
348 645 465 705 cuncta
478 641 566 705 vides
579 641 677 706 simili
690 643 762 706 tora
774 643 870 724 plena
883 643 1036 725 querella,

240 739 266 803 si
281 739 384 804 decies
396 737 486 803 lectis
499 739 623 804 diversa
635 743 726 824 parte
739 740 866 804 tabellis

240 858 322 902 vana
335 838 523 922 supervacui
536 839 652 903 dicunt
665 839 879 922 chirographa
890 839 984 921 ligni,

239 936 349 1018 arguit
362 935 503 1019 ipsorum
518 955 597 1018 quos
610 937 719 1001 littera
732 956 922 1019 gemmaque
934 936 1083 1020 prinecps

240 1033 485 1116 sardonychum,
500 1033 614 1098 loculis
628 1054 709 1116 quae
722 1034 905 1099 custoditur
917 1032 1058 1109 eburnis,

240 1134 356 1195 ten-e
369 1129 629 1195 delicias-extra
641 1132 826 1195 communia
838 1151 945 1196 censes

241 1230 437 1312 ponendum,
454 1229 530 1311 quia
545 1233 581 1292 tu
595 1229 733 1311 gallinae
747 1229 834 1292 tilius
846 1229 946 1304 albae,

240 1347 299 1391 noe
313 1326 390 1391 viles
403 1326 485 1408 pulli
499 1326 568 1390 nati
583 1327 766 1391 infelicibus
779 1327 871 1392 ovis?

241 1445 309 1488 rem
322 1425 440 1508 pateris
453 1425 610 1488 modicam
625 1428 659 1489 et
671 1425 824 1490 mediocri
837 1426 902 1490 bile
913 1427 1089 1504 terendam,

241 1523 268 1587 si
282 1523 389 1587 flectes
402 1522 510 1586 oculos
523 1521 643 1586 maiora
655 1523 696 1586 ad
710 1523 858 1588 crimina.
899 1525 1010 1588 center

240 1621 438 1686 conductum
452 1620 618 1696 latronem,
635 1619 784 1684 incendia
797 1621 929 1704 sulpure
942 1625 1053 1703 coepta

241 1722 338 1800 atque
351 1718 435 1794 dolo,
451 1716 571 1800 primos
583 1737 658 1781 cum
672 1717 770 1781 ianua
782 1717 907 1800 colligit
920 1718 1024 1799 ignes3

242 1817 353 1879 conten
365 1819 397 1878 et
411 1815 479 1890 hos,
496 1814 610 1878 veteris
624 1814 680 1896 qui
694 1815 818 1878 tollunt
831 1815 966 1897 grandia
978 1815 1091 1897 templi

242 1929 357 1995 poeula
369 1913 546 1976 adorandae
559 1911 713 1993 robiginis
726 1915 760 1975 et
773 1913 966 1994 populorum

242 2011 327 2073 dona
339 2010 389 2073 rel
403 2009 536 2090 antiquo
549 2008 668 2091 positas
681 2029 701 2071 a
713 2029 787 2091 rege
801 2029 946 2088 eoronae3

243 2106 321 2170 haec
335 2107 380 2169 ibi
394 2107 421 2169 si
432 2095 501 2169 'non
514 2110 601 2181 sunt,
618 2106 724 2169 minor
737 2110 842 2169 exstat
854 2107 1026 2190 sacrilegus
1039 2108 1096 2190 qui

242 2205 335 2268 radat
347 2203 487 2267 inaurati
501 2204 608 2267 lemur
622 2203 772 2268 Herculis
785 2205 947 2268 etfaciam
961 2205 1063 2287 ipsam

243 2300 401 2384 Neptuni,
418 2300 474 2383 qui
489 2301 677 2364 bratteolam
690 2301 731 2364 de
747 2301 875 2365 (laetere
887 2301 1026 2365 ducat-

242 2419 285 2462 an
298 2398 426 2461 dubitet
440 2397 553 2464 solitus
566 2401 672 2461 totum
686 2399 822 2462 conflare
836 2399 1015 2463 Tonantem
1024 2401 1082 2461 l-

242 2497 352 2559 eonter
365 2499 398 2559 et
411 2495 548 2558 artifices
561 2501 832 2577 mercatoremque
845 2495 960 2559 veneni

243 2595 277 2656 et
290 2593 517 2655 deducendum
530 2592 616 2655 corio
629 2593 718 2655 bovis
731 2592 766 2655 in
780 2613 878 2668 mare,
893 2587 970 2656 cum
984 2613 1049 2676 qno

243 2689 405 2753 clauditur
418 2690 556 2753 adversis
569 2689 701 2753 innoxia
714 2690 808 2753 simia
819 2682 907 2754 tatis.

243 2787 321 2850 hoec
335 2791 433 2868 quota
447 2807 519 2868 pars
533 2787 696 2862 scelerum,
714 2806 796 2867 quae
809 2791 917 2854 eustos
931 2788 1074 2852 Gallicus
1086 2790 1177 2854 urbis

244 2903 345 2965 usqne
359 2904 378 2946 a
391 2882 525 2945 lucifero
539 2884 639 2945 donec
653 2884 710 2945 lux
724 2883 849 2946 occidat
862 2885 980 2948 audit?

244 2980 378 3044 humani
393 2979 516 3061 generis
530 3000 632 3042 mores
645 2981 705 3042 tibi
720 3000 811 3043 nosse
825 2981 945 3044 volenti

245 3078 363 3142 sufficit
376 3097 442 3138 una
455 3077 584 3153 domus;
605 3095 723 3157 pancos
733 3068 888 3140 consume
901 3079 969 3142 dies
982 3086 1016 3144 et

245 3176 349 3238 dicere
363 3178 395 3236 te
409 3173 572 3247 miserum,
588 3177 758 3254 postquam
773 3175 863 3238 illinc
877 3178 1011 3252 veneris,
1027 3182 1118 3242 aude.
1215 3179 1218 3183 ’

246 3272 318 3356 quie
332 3271 496 3333 tumidum
510 3274 625 3350 guttur
639 3270 775 3333 miratur
790 3272 825 3334 in
838 3272 978 3355 Alpibus
991 3279 1049 3338 aut
1062 3276 1135 3357 quia

246 3371 281 3432 in
296 3369 403 3432 Meroe
417 3387 519 3429 craeso
534 3365 684 3429 maiorem
698 3368 823 3434 infante
837 3371 1037 3434 mamillam?

247 3467 371 3530 caerula
385 3465 457 3546 quis
471 3463 598 3545 stupuit
613 3463 764 3528 Germani
778 3467 913 3543 lumina,
929 3469 1044 3533 flavam

247 3563 414 3627 caesariem
428 3565 460 3624 at
474 3560 602 3623 madido
617 3564 821 3642 torquentem
834 3585 955 3628 cornua
968 3566 1073 3629 cirre?

248 3679 362 3740 nempe
377 3657 463 3738 qnod
476 3658 554 3719 haec
567 3655 631 3718 illie
645 3662 761 3721 natura
773 3664 822 3722 est
835 3661 984 3725 omnibus
997 3683 1073 3726 una.

249 3755 290 3818 ad
304 3752 424 3817 subitae
437 3751 598 3815 Thracum
613 3753 756 3816 volucres
768 3755 950 3838 nubemque
964 3777 1109 3824 sonoram
