2909 4284
558 343 691 392 SATVRA
713 343 776 392 xvl

117 495 233 558 contra
245 511 410 576 paganum
423 491 527 577 possis
540 498 636 576 'quem
651 513 727 558 vera
739 494 928 577 loquentem

117 593 232 653 contre
245 591 413 654 tortunem
427 590 544 654 armati
559 595 737 674 contraque
750 593 918 674 pudorem.

157 687 301 770 praemia
314 707 403 750 nnnc
416 687 480 751 alia
494 692 592 770 utque
607 688 670 751 alia
684 689 904 752 emolumenta
918 693 1069 754 notemus
1177 693 1217 756 35

116 789 404 849 sacramentorum.
449 785 630 848 convallem
643 786 728 849 ruris
742 787 822 850 aviti
901 839 907 854 ,

115 881 284 964 improbus
298 886 357 944 aut
370 902 523 965 campum
537 881 659 945 mihiel
673 882 799 946 vicinus
814 882 936 948 ademit

116 982 150 1042 et
165 999 293 1042 sacrum
307 979 422 1043 effodit
435 979 543 1042 medio
557 981 598 1043 de
611 980 717 1043 limite
732 1001 855 1057 eurum,

116 1077 206 1158 quod
219 1098 291 1140 mea
305 1098 380 1140 cnm
393 1077 507 1159 patulo
522 1077 625 1141 uoluit
638 1079 712 1160 puls
725 1098 835 1142 annue
848 1079 926 1155 libo,

116 1174 246 1238 debitor
259 1178 317 1237 sut
331 1180 477 1257 sumptos
491 1175 599 1256 pergit
613 1194 680 1238 non
694 1177 828 1239 reddere
842 1197 993 1243 nummos
1177 1181 1217 1242 40

115 1291 200 1334 vana
213 1272 404 1354 supervacui
419 1271 531 1334 dicens
546 1271 762 1354 chirographa
775 1273 869 1355 ligni,

116 1369 338 1450 expectandus
352 1367 414 1431 erit
429 1368 485 1450 qui
499 1369 574 1432 lites
588 1369 721 1433 inchoet
735 1390 841 1433 annus

115 1464 220 1528 totius
233 1466 357 1549 populi.
402 1467 460 1529 sed
473 1470 555 1530 tunc
570 1486 699 1548 qnoque
713 1467 803 1530 mille
817 1468 953 1533 terenda

114 1563 236 1638 taedia,
253 1563 341 1626 mille
354 1583 482 1642 morae3
503 1563 625 1628 totiens
639 1563 792 1628 subsellia
804 1567 937 1628 tantum

115 1644 323 1736 sternuntur,
338 1660 404 1723 ium
417 1662 560 1724 iucundo
573 1665 717 1744 ponente
731 1662 875 1726 lucernas

116 1756 269 1821 Caedicio
283 1761 317 1821 et
331 1757 436 1820 Fusco
451 1757 516 1820 iem
530 1757 740 1822 micturiente
754 1759 860 1842 parati

114 1855 329 1938 digredimur,
344 1853 498 1938 lentaque
512 1855 577 1918 lori
590 1875 775 1939 pugnamus
789 1856 919 1920 herena.

113 1958 166 2016 ast
179 1952 246 2016 illis
261 1972 342 2035 quos
355 1973 445 2015 arma
458 1956 577 2034 tegunt
591 1957 625 2016 et
639 1952 766 2016 balteus
780 1953 894 2028 ambit,

113 2051 205 2133 quod
219 2049 377 2132 placitum
390 2054 441 2113 est
455 2048 534 2132 ipsis
547 2053 733 2131 praestatur
746 2054 876 2133 tempus
890 2050 1021 2134 agendi,

112 2167 176 2211 nec
190 2167 242 2210 res
255 2148 409 2210 atteritur
423 2147 521 2228 longo
536 2146 717 2210 sufflamine
730 2147 809 2211 litis.
1176 2153 1217 2215 dt

154 2245 233 2308 solis
246 2248 412 2326 praeterea
426 2244 569 2306 testandi
584 2244 744 2308 militibus
764 2245 815 2309 ins

111 2343 189 2407 vivo
204 2346 297 2424 putre
311 2343 417 2404 detur.
461 2362 538 2404 num
553 2362 635 2423 quue
649 2346 728 2405 sunt
740 2347 834 2424 partu
847 2343 956 2407 labore

110 2439 264 2514 militiae,
281 2439 404 2520 placuit
418 2458 485 2502 non
500 2459 567 2502 esse
581 2438 616 2502 in
631 2458 763 2522 corpore
779 2459 904 2512 census,

110 2556 213 2601 omne
227 2540 318 2599 tenet
332 2536 425 2599 cuius
439 2536 583 2618 regimen
598 2541 700 2617 puter.
746 2557 822 2619 ergo
838 2537 1001 2601 Gorunum

109 2635 285 2717 signorum
299 2633 451 2696 comitem
466 2641 710 2715 castrorumque
724 2654 798 2698 aere
811 2641 990 2698 merentem
1176 2643 1215 2702 55

110 2731 265 2815 quamvis
278 2731 343 2794 iam
357 2731 516 2794 tremulus
531 2735 642 2813 captet
656 2736 770 2812 pater3
791 2731 879 2794 huno
893 2733 986 2796 levor
1000 2751 1122 2817 aequus

110 2827 268 2913 provehit
282 2832 316 2891 et
329 2827 468 2910 pulchro
481 2828 590 2891 reddit
605 2848 663 2890 sua
677 2829 764 2891 done
776 2828 890 2893 labori.

112 2927 219 3010 ipsius
234 2930 321 2990 uerte
335 2925 425 2989 ducis
440 2924 502 2988 hoc
516 2926 637 2988 referre
652 2925 782 2989 videtur

112 3029 153 3088 ut
169 3024 227 3106 qui
241 3022 337 3088 fortis
352 3023 425 3098 erit,
441 3022 484 3086 sit
498 3022 705 3086 felicissimus
719 3023 816 3098 idem,

113 3124 153 3185 ut
167 3118 248 3184 laeti
261 3119 403 3204 phaleris
417 3136 528 3182 omnes
542 3122 576 3182 et
589 3119 772 3200 torquibus,
789 3137 900 3184 omnes

617 3216 717 3317 οὲ*
