2909 4284
224 315 245 380 8
586 324 619 376 D.
645 323 744 376 tvrtn
765 323 961 374 lvmine

223 481 341 544 notum
355 481 405 543 eet
419 497 478 543 our
491 476 559 542 eolo
572 475 702 542 tubulus
717 476 896 560 inpleverit
911 475 1026 541 Hieter

221 577 352 654 liberto,
369 576 496 641 dederit
509 576 603 640 niune
616 595 675 642 our
689 577 798 640 multu
808 578 946 660 puellue.

223 675 313 741 dirue
326 675 389 740 erit
402 694 520 758 megno
535 694 617 758 quoe
632 675 755 739 dormit
767 675 867 740 tertie
878 676 974 741 lento

221 780 261 838 tu
275 774 362 838 nube
376 776 475 857 etque
488 778 582 837 mee:
604 773 731 838 donent
744 793 862 838 noune
875 775 1050 858 oylindroe.

222 872 264 936 de
276 871 371 936 nobie
384 875 458 956 poet
472 870 553 936 bueo
566 870 672 936 tristis
686 871 851 936 sententie
862 871 989 937 fertur?

222 969 280 1034 det
294 969 422 1034 renium
433 970 550 1046 eorvis,
565 975 663 1034 vexet
677 990 816 1036 eeneure
829 969 1019 1035 eolurnbue!

261 1067 421 1150 regnunt
434 1068 555 1151 trepidi
569 1087 646 1134 rere
659 1088 698 1132 eo
711 1068 888 1132 manifeste
899 1070 1071 1132 oenentenr

221 1163 399 1245 etoiuidne3
419 1165 499 1248 quid
513 1166 601 1230 euim
614 1163 689 1228 fulsi
704 1165 869 1229 Isuronie?
907 1163 965 1228 eed
979 1163 1058 1246 quid

221 1281 289 1326 uon
302 1262 426 1327 ieoient
440 1263 507 1340 ulii,
524 1267 653 1342 quintu
666 1263 816 1326 multioio
830 1281 948 1338 eumn,

223 1358 363 1437 Oretiee‚
378 1364 413 1424 et
425 1360 512 1424 beno
526 1365 649 1426 vestem
663 1360 788 1444 populo
801 1360 941 1422 minente
955 1377 1087 1442 peroree

221 1457 257 1520 in
271 1457 427 1522 Proeulen
440 1462 473 1523 et
487 1458 638 1522 Pollittas
653 1457 669 1522 l
708 1462 758 1522 eet
771 1457 906 1521 moeobn
919 1456 1069 1532 Fabulle,

222 1555 398 1620 dumnetnr
410 1556 437 1619 ei
452 1556 513 1633 rie,
529 1556 628 1619 etium
644 1554 787 1618 Ourfinie
798 1555 898 1618 telem

221 1671 288 1716 non
303 1656 411 1716 sumet
425 1653 580 1717 demnutn
592 1657 714 1734 togam.
761 1652 839 1716 ‘eed
853 1651 960 1715 Iuline
972 1651 1078 1726 ardet,

222 1750 361 1814 oestuo?
398 1751 621 1832 nudueegne:
641 1750 753 1812 minue
765 1753 815 1813 est
828 1749 956 1812 ineenie
968 1747 1088 1832 turpio.

222 1864 264 1908 en
277 1846 428 1910 hobitum
442 1867 509 1930 quo
521 1851 555 1910 to
568 1847 658 1930 legen
670 1865 710 1910 eo
723 1847 798 1909 iure
810 1846 971 1925 serentem

221 1943 413 2007 vulneribus
425 1944 537 2006 erudio
547 1943 691 2026 populue
703 1943 804 2008 modo
815 1943 923 2008 vietor
934 1946 968 2006 et
981 1942 1067 2007 med

221 2045 415 2105 montanum
429 2040 545 2124 poeitie
558 2040 686 2104 audiret
696 2039 817 2122 rulgne
829 2040 955 2103 eretrie.

222 2137 302 2218 qnid
315 2157 381 2202 non
392 2138 581 2219 proolennee,
597 2137 632 2201 iu
647 2156 783 2220 corpore
795 2137 914 2200 iudioie
927 2137 992 2200 ietn

221 2233 249 2297 ei
262 2234 401 2298 videns?
440 2254 562 2317 queero
574 2255 616 2298 en
631 2234 770 2297 deoennt
782 2233 934 2298 multioio
946 2237 1076 2299 tentem.

221 2350 297 2394 eoer
308 2335 344 2394 et
356 2331 538 2394 indomitus
549 2331 777 2414 libertatisque
790 2330 955 2412 magister,

222 2427 362 2504 Cretione,
376 2428 533 2510 perluoee.
577 2429 669 2492 dedit
682 2428 769 2492 beno
782 2430 933 2510 oontegio
946 2429 1057 2492 lubem

221 2527 256 2589 et
268 2524 359 2588 dolet
372 2525 409 2588 in
422 2525 543 2608 plures,
558 2525 646 2589 siout
655 2545 734 2608 grex
747 2529 841 2590 totue
852 2525 888 2588 in
898 2526 986 2608 egris

220 2621 321 2686 uniue
333 2622 442 2686 eeubie
455 2623 545 2686 eudit
558 2626 593 2686 et
605 2622 773 2706 porrigine
785 2623 875 2706 porei

221 2739 350 2802 ureque
363 2724 538 2802 conspeetu
548 2720 683 2783 livorem
698 2720 791 2783 ducit
805 2720 847 2784 eb
860 2739 933 2785 unu

220 2816 349 2881 foedius
358 2817 421 2880 boo
435 2817 558 2898 aliquid
573 2817 770 2900 quandoque
782 2817 915 2881 eudebie
929 2817 1067 2896 emietu,

220 2933 318 2978 nemo
329 2917 465 2996 repente
477 2912 544 2976 luit
557 2913 776 2994 turpissimus.
818 2914 979 2996 nonipient
992 2916 1029 2977 te

219 3010 380 3094 peulutim
394 3008 451 3092 qui
464 3009 565 3092 longo
577 3010 667 3075 domi
680 3011 873 3074 redimicula
887 3014 1025 3074 sumunt

219 3108 387 3171 frontibus
400 3109 434 3170 et
447 3109 521 3170 toto
532 3126 669 3189 posuere
683 3107 821 3171 monilia
832 3108 917 3170 eollo

220 3207 321 3285 etque
333 3203 452 3266 bouem
465 3205 596 3265 tenerae
608 3203 741 3284 placent
754 3204 927 3267 abdomine
939 3224 1058 3286 perone

219 3305 254 3364 et
268 3320 389 3382 magno
401 3303 526 3363 oretere
539 3300 644 3362 deum,
688 3301 745 3362 eed
758 3320 848 3363 more
861 3300 995 3365 sinistro

220 3397 386 3478 exagitate
397 3396 511 3478 prooul
525 3415 591 3458 non
605 3395 708 3458 intret
722 3397 845 3460 lemine
858 3397 980 3461 limen:

220 3493 459 3559 eolieerudeee
471 3492 732 3574 meribuepetet.
778 3493 847 3556 ‘ite
859 3492 1038 3576 profanue’

211 3592 382 3662 ,clametur
395 3590 509 3654 ‘nullo
521 3589 624 3672 gemit
637 3589 693 3653 bio
706 3588 844 3653 tibicine
856 3591 983 3656 tornu’

219 3688 301 3751 tulin
313 3689 436 3750 secrete
449 3687 621 3749 uoluerunt
635 3686 725 3768 orgia
738 3687 834 3749 tnede

221 3782 410 3866 Oeeropiem
424 3782 513 3847 eoliti
528 3782 651 3864 Beptoe
664 3781 784 3846 loseere
798 3781 952 3866 Cotyton.
