2909 4284
597 342 731 390 SATVRA
752 343 791 390 1v

137 493 309 560 saevitiam
322 493 475 561 domuere
489 499 523 560 et
536 497 710 562 honestum
723 497 851 562 adferre
859 497 974 562 lioeret

138 592 342 657 consilium?
382 594 439 657 sed
452 593 532 677 quid
546 594 722 660 violentius
736 614 815 659 aure
829 594 972 678 tyranni,

138 710 217 752 cum
232 709 297 772 quo
312 689 352 753 de
365 690 485 774 pluviis
499 695 557 755 ant
571 691 713 756 aestibus
727 696 787 756 aut
799 692 947 756 nimboso

138 807 216 850 vere
229 788 373 851 locuturi
383 789 491 851 fetum
504 790 668 872 pendebat
681 789 777 854 amici
791 789 806 853 i

138 885 197 947 ille
212 885 314 968 igitur
327 906 506 969 numquam
520 887 646 950 derexit
660 887 812 951 braoohia
825 890 941 951 contra

139 987 332 1058 torrentem,
348 1003 410 1047 nee
424 984 503 1048 oivis
517 988 587 1048 erat
602 984 659 1068 qui
673 984 776 1048 libera
790 988 898 1067 posset

139 1080 240 1142 verba
252 1081 353 1143 enimi
367 1083 512 1163 prolerre
526 1085 560 1145 et
574 1082 676 1146 vitam
689 1082 865 1164 inpendere
878 1100 963 1146 vero.

139 1176 188 1239 sio
202 1178 323 1241 multas
336 1178 458 1242 hiemes
472 1183 570 1262 atque
584 1179 806 1261 octogensima
817 1178 902 1242 vidit

140 1273 292 1350 solstitie,
306 1274 357 1338 his
370 1276 468 1339 armis
481 1276 538 1339 illa
552 1296 680 1359 quoque
694 1280 789 1339 tutus
802 1276 839 1338 in
851 1275 935 1338 aula.

140 1369 309 1450 proximus
323 1371 468 1436 eiusdem
481 1374 674 1456 properabat
689 1373 815 1436 Acilius
828 1372 899 1436 aevi

141 1486 219 1530 oum
233 1467 349 1532 iuvene
363 1468 499 1553 indigno
510 1489 608 1552 quem
622 1489 709 1533 mors
723 1474 793 1533 tam
806 1489 900 1533 saeva
912 1472 1058 1532 maneret

141 1569 176 1628 et
191 1564 315 1629 domini
328 1567 445 1649 gladiis
458 1572 525 1632 tam
540 1568 716 1647 testinata3
737 1567 795 1631 sed
808 1566 886 1629 olim

140 1661 292 1744 prodigio
305 1683 365 1746 par
377 1668 427 1728 est
440 1664 476 1729 iu
485 1665 658 1729 nobilitate
672 1669 833 1739 senectus,

141 1758 231 1822 unde
245 1760 283 1823 fit
297 1763 336 1823 ut
349 1761 461 1824 malim
473 1762 669 1826 frateroulns
683 1781 752 1825 esse
765 1760 918 1843 gigantis.

140 1856 270 1938 profuit
283 1876 360 1940 ergo
373 1859 457 1922 nihil
470 1859 598 1935 misero,
612 1859 699 1942 quod
712 1857 894 1922 comminus
908 1876 999 1920 ursos

140 1954 263 2035 figebat
277 1953 437 2020 Numidas
451 1957 579 2020 Albana
591 1955 701 2019 nudus
714 1954 837 2018 harene
1178 1955 1239 2016 100

140 2055 288 2116 venator.
332 2052 404 2136 quis
418 2054 505 2116 enim
518 2053 584 2117 iam
597 2072 665 2116 non
679 2051 851 2135 intellegat
864 2055 950 2115 artes

140 2148 295 2229 patricias
309 2148 325 2214 1
364 2150 437 2232 quis
450 2150 593 2232 prisonm
606 2149 690 2214 illud
703 2150 842 2213 miratur
855 2167 1003 2224 acumen,

140 2243 257 2322 Brute,
273 2247 397 2311 tunm?
415 2247 512 2311 iuoile
525 2253 575 2323 est
589 2249 723 2312 berbato
738 2247 894 2328 inponere
907 2245 986 2326 regi.

142 2357 206 2400 neo
221 2337 335 2401 melior
347 2338 443 2402 vultu
464 2341 609 2422 quamvis
623 2339 776 2422 ignobilis
789 2341 860 2406 ibet

142 2431 298 2509 Rubrius,
315 2435 455 2498 offensae
468 2434 586 2497 veteris
599 2453 675 2498 reus
688 2438 788 2516 atque
801 2433 968 2510 taoendae,
1181 2436 1243 2498 loo

142 2535 179 2593 et
193 2534 303 2593 tamen
317 2531 482 2612 inprobior
496 2535 639 2594 saturam
653 2531 815 2595 seribente
828 2531 974 2594 cinaedo.

142 2626 295 2690 Montani
310 2647 438 2712 quoque
452 2632 566 2691 venter
580 2629 673 2691 adest
687 2628 859 2691 abdomine
873 2627 999 2702 tardus,

142 2730 179 2789 et
189 2724 354 2788 metutino
367 2725 487 2788 sudans
503 2725 673 2807 Crispinus
687 2745 815 2788 amomo

142 2828 306 2907 quantum
319 2822 374 2886 vix
387 2821 535 2885 redolent
549 2821 615 2885 duo
628 2823 757 2898 funera,
773 2822 897 2886 saevior
910 2821 968 2883 illo

143 2920 319 3003 Pompeius
332 2919 424 2983 tenui
439 2919 568 3001 iugulos
582 2919 706 3002 aperire
720 2939 862 2994 susurro,
1183 2923 1243 2984 110

142 3023 179 3083 et
193 3019 249 3100 qui
263 3017 449 3080 vulturibus
464 3017 613 3080 servabat
627 3016 751 3080 viscera
765 3016 862 3080 Daois

142 3117 271 3179 Fueens
284 3134 462 3178 marmorea
475 3114 653 3179 meditatus
668 3114 792 3197 proelia
804 3114 892 3190 villa,

142 3217 179 3277 et
192 3233 268 3277 oum
282 3212 451 3276 mortifero
461 3212 604 3293 prudens
615 3211 756 3275 Veiento
772 3211 912 3287 Catullo,

142 3312 201 3394 qui
214 3329 395 3392 numquam
408 3309 494 3373 visae
508 3309 665 3392 flagrabat
679 3329 788 3372 amore
801 3309 940 3391 puellae,

141 3409 266 3490 grande
277 3411 312 3470 et
323 3406 535 3490 oonspiouum
545 3411 658 3471 nostro
669 3426 798 3489 qnoque
809 3410 955 3488 tempore
966 3411 1159 3481 monstrum,
1182 3409 1241 3468 115

141 3525 258 3569 caecus
273 3505 422 3568 adulator
436 3504 590 3586 dirusque
604 3525 623 3567 a
636 3510 738 3588 ponte
752 3504 891 3578 satelles,

141 3603 264 3686 dignus
278 3601 428 3665 Aricinos
442 3601 499 3683 qui
513 3601 713 3664 mendicaret
727 3600 769 3664 ad
783 3621 858 3664 axes

141 3699 328 3781 blandaque
344 3699 483 3763 devexae
497 3698 635 3762 iaetaret
645 3697 735 3762 basia
748 3698 873 3763 raedae.

141 3817 239 3863 nemo
254 3794 358 3878 magis
372 3795 544 3868 rhombum
559 3795 687 3876 stupuit
700 3817 709 3871 ;
730 3815 807 3858 nem
820 3795 962 3879 plurima
975 3797 1059 3859 dixit
