2909 4284
583 315 717 364 SATVBA
738 314 778 363 VI

126 473 357 536 testamentum
371 467 486 552 ingens
499 466 619 532 calidae
631 467 787 549 pulmone
798 467 964 532 columbae

124 572 264 632 tractato
277 565 450 630 Armenius
464 565 514 629 rel
529 564 762 647 Commagenus
774 564 948 648 haruspex,

124 668 257 748 pectora
269 664 433 748 pullorum
446 661 626 739 rimabitur,
642 668 715 726 exta
729 661 846 736 catelli,

125 762 292 827 interdum
306 765 341 825 et
353 760 461 844 pueri;
482 759 580 824 faciet
593 761 680 844 qnod
694 762 818 824 deierat
831 759 910 842 ipse.

126 860 296 924 Chaldaeis
309 859 363 924 scd
378 858 479 922 maior
491 858 553 922 erit
567 857 698 935 fidncia3
720 857 878 942 quidquid

125 958 247 1022 dixerit
260 957 446 1038 astrologus,
462 956 596 1019 credent
608 976 628 1019 a
640 957 732 1020 lente
745 956 882 1019 relatum

125 1055 331 1130 Hammonis,
347 1053 498 1137 quoniam
512 1053 648 1136 Delphis
662 1053 789 1117 oracula
802 1054 927 1117 cessant

125 1158 160 1217 et
176 1173 280 1235 genus
292 1152 470 1215 humanum
483 1151 616 1215 damnat
629 1151 732 1234 caligo
745 1149 862 1214 icturi.

125 1251 319 1335 praecipuus
331 1254 439 1313 tamen
453 1255 502 1314 eet
513 1248 642 1325 borum,
659 1249 714 1333 qui
729 1248 854 1332 mepins
866 1246 954 1325 exul,

126 1348 221 1412 cuius
234 1347 375 1412 amicitia
387 1347 656 1428 conducendaque
668 1346 786 1410 tabella

126 1465 265 1528 magnus
279 1444 356 1510 ciris
370 1444 438 1508 obit
450 1447 483 1508 at
496 1443 689 1509 lormidatns
703 1442 838 1508 Othoni.

126 1543 205 1607 inde
219 1543 297 1606 fides
309 1542 398 1618 artis,
414 1543 523 1606 sonuit
536 1541 562 1605 si
577 1542 708 1606 dantem
721 1541 808 1605 ferre

126 1640 289 1724 laevaque,
306 1639 332 1704 si
346 1640 442 1721 longo
456 1645 632 1703 castrorum
645 1639 819 1702 incarcere
832 1637 961 1702 mansit.

126 1758 224 1802 nemo
237 1736 480 1801 mathematicus
493 1726 624 1818 genium
638 1737 844 1800 indemnatus
856 1735 999 1812 habebit,

127 1839 183 1899 sed
200 1837 255 1918 qui
268 1854 369 1918 paene
381 1837 477 1916 perit,
494 1833 547 1898 cui
561 1833 614 1897 vix
628 1834 662 1898 in
679 1833 816 1916 cyclada
829 1833 917 1897 mitti

127 1931 268 2014 contigit
280 1937 313 1996 et
325 1951 424 2015 parva
437 1933 566 1996 tandmu
580 1930 716 1996 caruisse
731 1931 877 2014 Seripho.

126 2028 269 2094 consulit
282 2029 426 2093 ictericae
440 2028 529 2093 lento
543 2029 583 2092 de
596 2030 709 2093 lunare
723 2028 846 2105 matris,

126 2132 204 2191 ante
217 2131 326 2190 tamen
340 2127 381 2190 de
394 2130 427 2190 te
441 2125 598 2210 Tanaquil
613 2130 680 2202 tua,
697 2126 826 2209 qnando
839 2145 978 2191 sororem

127 2224 243 2288 efferat
256 2227 289 2287 et
301 2228 443 2307 patrnos,
458 2245 498 2288 an
514 2223 556 2287 sit
570 2224 714 2288 victurus
727 2224 855 2287 adulter

126 2326 202 2405 post
214 2320 332 2403 ipsam3
354 2321 431 2404 quid
446 2321 531 2385 enim
545 2321 648 2385 maius
661 2320 737 2385 dare
751 2321 885 2385 numina
896 2321 1056 2405 possunt?

126 2418 190 2482 bae
204 2422 312 2482 tamen
326 2418 477 2501 ignorant
491 2418 569 2501 quid
584 2418 673 2482 sidus
687 2419 779 2482 triste
792 2417 935 2483 minetur

128 2516 273 2592 Saturni,
290 2534 353 2598 quo
366 2515 450 2580 laeta
465 2515 573 2580 Venus
587 2537 619 2580 se
632 2518 775 2599 proferet
788 2520 884 2591 astro,

128 2614 201 2696 quis
215 2613 332 2677 mensis
346 2612 481 2689 damnis,
499 2634 579 2695 quae
592 2615 711 2677 dentur
724 2618 869 2698 tempora
881 2614 986 2679 lucror

126 2712 217 2776 illius
230 2731 378 2775 occursus
391 2711 488 2775 etiam
503 2712 603 2776 vitare
617 2717 789 2784 memento,

126 2809 164 2874 in
178 2808 271 2873 cuius
283 2808 431 2872 manibus
444 2827 502 2872 ceu
517 2807 651 2892 pinguia
665 2809 775 2873 sucina
788 2809 881 2873 tritas

127 2905 233 2972 cernis
246 2905 474 2987 ephemeridas,
491 2924 571 2987 qnae
586 2905 712 2969 nullum
726 2907 865 2970 consulit
878 2911 911 2970 et
923 2905 988 2970 iam

127 3003 319 3079 consulitur,
336 3023 416 3086 quae
429 3007 531 3066 eastra
545 3003 612 3067 vire
627 3004 826 3086 patriamque
840 3008 968 3086 petente

127 3123 196 3167 non
209 3101 272 3166 ibit
285 3101 406 3184 pariter
419 3101 560 3164 numeris
573 3105 719 3165 revocata
733 3100 904 3184 Thrasylli.

126 3199 169 3264 ad
183 3199 327 3282 primum
341 3198 480 3282 lapidem
493 3198 612 3262 vectari
627 3219 700 3264 cum
716 3199 831 3281 placet,
848 3199 928 3262 hora

127 3297 270 3361 sumitur
283 3317 322 3360 ex
335 3295 431 3374 libro;
453 3295 480 3360 si
494 3297 601 3380 prurit
614 3297 731 3361 lrictue
744 3295 836 3361 ocelli

127 3395 279 3477 angulus,
295 3393 438 3478 inspecta
451 3393 557 3476 genesi
571 3394 701 3477 collyria
715 3395 833 3476 poscit3

127 3513 223 3574 aegra
235 3491 312 3556 lieet
325 3491 436 3566 iaceat,
452 3490 605 3573 capiendo
618 3491 709 3555 nulla
723 3492 850 3556 videtur

126 3591 235 3674 aptior
247 3589 327 3654 bora
340 3589 410 3654 cibo
423 3588 487 3652 nisi
502 3608 597 3671 quam
611 3589 736 3653 dederit
750 3588 909 3654 PetosirIs.

126 3689 152 3753 si
169 3686 339 3752 mediocris
351 3687 423 3764 erit,
440 3686 579 3770 spatium
593 3686 744 3772 lustrabit
757 3687 921 3769 utrimque

126 3789 288 3850 molarum
302 3788 335 3850 et
349 3789 448 3852 sortes
460 3785 557 3849 ducet
570 3785 774 3868 frontemque
787 3804 981 3869 manumque
