2909 4284
512 384 518 396 .
593 351 728 401 ΒΔΜΔ
750 352 790 402 Π

216 501 273 586 qui
286 501 394 567 nudus
407 522 550 586 pugnare
563 503 668 567 soleti
707 523 782 586 pure
794 503 910 569 ultime
922 501 993 569 ludi

215 600 334 683 accipit
347 600 404 664 hus
417 602 538 664 animas
552 601 695 682 aliusque
709 600 745 664 in
758 621 881 665 carcere
895 622 1019 667 nervos.

216 699 270 762 sed
285 698 345 762 tibi
359 718 560 763 communem
574 698 706 762 calicem
720 700 801 763 iecit
814 720 895 763 uxor
908 700 1031 777 stillis,

134 800 174 861 15
215 816 291 860 cum
305 795 420 878 quibus
432 796 595 859 Albanum
611 795 902 879 Surrentinumque
915 801 1041 862 recuset

215 894 297 957 fiere
310 893 431 957 ruinosi
445 894 522 976 lupe
535 895 703 975 degustare
717 895 887 977 sepulchri.

214 991 331 1055 horum
344 990 484 1055 consiliis
497 992 626 1055 nubunt
639 992 825 1076 subitaeque
838 993 1004 1070 recedunt,

213 1088 266 1152 his
278 1089 484 1170 languentem
499 1089 643 1152 animum
657 1096 786 1153 serrant
798 1094 832 1154 et
844 1091 925 1154 serie
938 1091 1033 1167 vitre,

214 1185 266 1249 his
279 1186 407 1249 clunem
422 1189 518 1267 etque
531 1186 615 1250 lutus
628 1187 759 1250 diseunt
772 1187 895 1251 ribmre
909 1188 1081 1270 magistris,

131 1287 172 1347 20
214 1283 369 1366 quicquid
381 1287 544 1367 praeterea
557 1284 617 1348 seit
632 1284 688 1366 qui
701 1285 805 1349 docet
848 1286 936 1349 hund
950 1289 1060 1350 tumen
1072 1284 1123 1351 illi

213 1401 338 1464 semper
350 1381 496 1444 habende
509 1381 598 1445 fides.
641 1383 748 1445 oculos
761 1382 898 1465 iuligine
912 1383 1024 1466 pascit,

213 1478 386 1542 distinctus
399 1478 517 1542 croceis
529 1483 563 1542 et
576 1480 764 1543 reticulatus
776 1480 913 1543 adulter.

213 1579 378 1658 suspectus
392 1575 452 1638 tibi
465 1575 519 1651 sit,
536 1581 657 1658 quanto
671 1597 732 1640 vox
746 1578 874 1641 mollior
885 1581 920 1641 et
933 1597 998 1661 quc

213 1673 337 1757 saepius
350 1674 385 1737 in
399 1675 518 1738 teneris
531 1674 674 1738 heerebit
687 1676 818 1740 dextere
829 1675 959 1739 lumbis.

129 1775 169 1836 25
213 1772 267 1836 bic
280 1771 342 1836 erit
355 1771 390 1835 in
403 1772 487 1836 lecte
500 1772 707 1850 fortissimum
729 1773 820 1836 exuit
833 1773 900 1836 illic

212 1888 380 1951 personum
395 1868 490 1932 docili
505 1869 603 1932 ‘Pheis
617 1869 732 1932 saltate
745 1869 923 1951 Triphallo.

212 1987 308 2049 quem
322 1967 430 2030 rides?
469 1967 540 2030 eliis
553 1967 641 2030 hune
654 1967 807 2030 mimum!
848 1966 975 2050 sponsio
988 1967 1071 2050 flete]

211 2084 330 2147 purum
345 2069 377 2127 te
391 2065 548 2127 contendo
562 2064 679 2139 virum,
695 2065 865 2126 contendo.
908 2065 1045 2128 icteris?

126 2155 129 2158 ’
212 2182 255 2226 un
268 2165 360 2225 vocet
373 2162 503 2225 encilles
515 2162 645 2224 tortoris
659 2162 816 2243 pergule?
856 2160 931 2225 nevi

126 2264 167 2325 30
212 2258 390 2323 concilicet
403 2263 523 2323 veteres
537 2279 756 2341 quaecumque
768 2259 906 2323 monetis
919 2258 1028 2323 amici:

213 2357 316 2440 ‘pone
329 2376 440 2432 serem,
457 2357 608 2420 cohibes’
650 2357 705 2420 sed
720 2357 792 2438 quis
805 2358 965 2421 custodiat
978 2357 1063 2441 ipsos

211 2455 367 2530 custodes,
384 2454 439 2537 qui
453 2475 540 2518 nunc
553 2455 686 2518 lascivus
699 2455 789 2518 furtu
801 2455 926 2537 puelluc

211 2553 272 2616 hec
285 2552 429 2616 mercede
444 2551 564 2614 silent?
604 2551 725 2615 crimen
739 2572 909 2616 commune
922 2555 1059 2616 tacetur.

210 2649 365 2733 prospicit
377 2649 438 2712 hoc
450 2649 592 2732 prudens
605 2653 639 2714 et
651 2650 692 2712 ab
705 2649 771 2712 illis
784 2649 901 2732 incipit
913 2670 1006 2714 uxor.

169 2850 249 2910 unt
262 2865 340 2928 quas
352 2845 492 2909 eunuchi
506 2845 638 2908 inbelles
651 2865 688 2908 ue
701 2844 812 2908 mollis
825 2865 949 2928 semper
1169 2850 1229 2912 866

126 2944 237 3008 oscula
251 2943 409 3006 delectent
422 2945 456 3005 et
468 2943 645 3024 desperatio
658 2943 773 3006 barbae

127 3046 160 3105 et
174 3041 262 3123 quod
275 3039 419 3103 ebcrtivc
432 3058 497 3103 non
511 3043 559 3102 est
573 3059 660 3121 opus.
705 3039 762 3103 ille
775 3041 921 3122 voluptas

127 3158 255 3202 summe
267 3142 387 3212 temen,
404 3138 490 3219 quod
504 3137 567 3199 iem
581 3137 684 3200 calide
697 3142 824 3201 matura
837 3139 969 3205 iuventa

127 3237 265 3318 inguine
278 3236 452 3298 truduntur
465 3235 606 3310 medicis,
623 3235 687 3298 iam
701 3235 827 3316 pectine
841 3235 949 3317 nigr03
1168 3226 1229 3306 370

127 3355 203 3417 ergo
217 3336 376 3416 spectatos
389 3352 426 3396 ee
439 3331 539 3395 iussos
553 3351 691 3395 crescere
705 3332 847 3414 primum

127 3431 303 3506 testiculos,
319 3434 488 3513 postquem
503 3433 677 3511 coeperunt
691 3450 756 3492 esse
769 3429 910 3506 bilibres,

127 3528 265 3593 tonsoris
279 3529 396 3592 damno
409 3531 539 3590 tentum
553 3527 638 3610 rupit
652 3526 855 3593 Heliodorus.
1167 3533 1228 3596 873

128 3741 166 3788 V1
178 3726 218 3788 B.
261 3744 458 3806 mangonum
472 3743 586 3805 pueros
600 3743 673 3787 vere
687 3744 724 3787 ec
738 3723 926 3787 miserabilis
938 3722 1007 3788 urit

261 3821 407 3886 debilites
421 3821 570 3903 fellisque
583 3821 685 3902 pudet
698 3821 870 3903 cicerisque
883 3820 995 3886 relicti.
