2909 4284
570 367 703 417 SATVRA
725 369 795 418 VIII

126 522 257 606 iamque
272 523 355 599 teca3
376 519 467 584 furor
480 522 529 584 est
541 523 614 603 post
627 519 737 584 omnia
749 521 881 604 perdere
894 523 1040 588 naulum.

126 639 195 681 non
209 619 295 682 idom
310 617 449 698 gemitus
463 616 540 680 olim
554 637 658 701 neque
671 618 789 682 vulnus
802 624 871 684 erat
884 639 942 703 par

126 718 320 779 damnorum
334 714 425 778 sociis
439 713 624 779 florentibus
638 720 671 780 et
684 717 780 780 modo
794 717 896 780 victis.

125 814 223 894 plena
236 814 350 876 domus
364 817 443 875 tnnc
457 812 571 889 omnis,
588 817 621 876 et
634 816 749 896 ingena
762 815 866 878 stabat
878 835 1010 880 scema

126 931 346 987 nummorum,
363 909 520 994 Spartana
533 912 685 994 chlamys,
701 912 867 994 conchylia
881 912 958 989 (loa,

126 1014 250 1072 etcum
264 1008 423 1074 Parrhasii
437 1009 555 1072 tabulis
569 1009 731 1092 signisque
745 1009 888 1094 Myronis

128 1106 321 1170 Phidiacum
336 1106 463 1170 vivebat
476 1107 565 1182 abur,
582 1126 641 1170 neo
656 1127 721 1169 non
737 1107 886 1189 Polycliti

126 1205 252 1268 multus
266 1203 385 1286 ubique
398 1203 497 1278 labor,
514 1223 602 1266 rarae
616 1203 684 1267 sine
699 1203 845 1267 Mentore
858 1225 994 1270 menme.

126 1303 204 1365 inde
221 1301 387 1364 Dolabella
400 1305 496 1383 atqua
510 1300 588 1363 hinc
602 1301 777 1376 Antonius,
793 1301 868 1363 indo

126 1398 300 1479 sacrilegus
313 1397 429 1461 Verres
442 1398 624 1461 referebant
637 1398 772 1462 navibus
784 1399 858 1461 altis

126 1495 254 1560 occulta
266 1494 368 1577 spolia
381 1499 414 1558 at
427 1495 534 1577 plures
548 1495 588 1558 de
601 1514 678 1577 pace
692 1494 883 1578 triumphos.

126 1613 216 1656 nunc
230 1592 322 1656 sociis
335 1592 411 1674 iuga
424 1611 525 1674 pauca
537 1593 646 1668 boum,
662 1613 741 1674 grex
754 1612 872 1674 parvus
884 1614 1049 1676 equarum,

125 1694 160 1753 et
173 1693 266 1772 puter
279 1689 417 1753 armenti
430 1693 524 1771 capto
542 1690 697 1772 eripietur
710 1691 825 1772 agello,

125 1787 189 1871 ipsi
202 1786 318 1851 deinde
333 1787 438 1861 Lenes,
455 1787 581 1869 siquod
599 1787 771 1869 spectabile
785 1788 924 1869 signum,

125 1886 154 1950 si
168 1886 242 1968 quis
255 1884 290 1947 iu
304 1883 449 1948 aedicula
461 1884 540 1948 deus
553 1884 682 1962 unicus3
703 1885 782 1948 haec
796 1886 915 1948 etenim
929 1890 1006 1949 sunt

125 2003 186 2066 pro
200 1982 344 2058 summis,
361 2001 436 2045 nam
451 1986 527 2045 suut
540 1983 620 2046 haec
633 1982 782 2047 maxima.
827 1984 982 2065 despicias
994 1986 1032 2047 tu

125 2081 263 2155 forsitan
277 2079 404 2142 inbellis
418 2079 559 2143 Rhodios
572 2083 767 2162 unctumque
782 2080 971 2156 Corinthon,

125 2178 283 2260 despicias
296 2177 425 2254 merit03
448 2177 525 2259 quid
540 2178 677 2240 resinata
689 2178 840 2242 iuventus

125 2295 282 2358 cruraque
297 2275 397 2338 totius
410 2275 530 2338 facient
544 2274 603 2338 tibi
622 2275 705 2338 levia
718 2275 847 2357 gentis?

125 2372 258 2438 horrida
271 2371 402 2437 vitanda
416 2376 464 2434 est
478 2371 645 2454 Hispania,
663 2371 805 2436 Gallicus
817 2374 886 2437 axis

125 2470 356 2553 Illyricumque
369 2468 468 2546 latue3
489 2488 583 2553 parce
597 2472 632 2531 et
644 2470 834 2534 messoribus
847 2470 912 2534 illia
1044 2484 1047 2488 ’

125 2568 182 2650 qui
196 2570 344 2630 saturant
357 2567 467 2630 urbem
482 2566 566 2629 circo
580 2585 773 2648 scaenaeque
788 2571 968 2645 vacantem3

125 2668 248 2747 quanta
261 2666 369 2727 autem
383 2663 460 2726 indo
474 2664 556 2726 terea
570 2666 636 2726 tam
650 2663 739 2726 dirae
751 2664 893 2743 praemia
906 2663 1028 2745 culpae,

125 2782 201 2824 cum
215 2760 322 2823 tenuis
337 2778 440 2840 nuper
454 2759 575 2822 Marius
588 2759 776 2822 discinxerit
791 2760 911 2822 Atros?

124 2858 307 2922 curandum
321 2857 356 2919 in
369 2855 482 2938 primis
495 2876 536 2919 no
549 2877 666 2938 magne
679 2857 799 2920 iniuria
813 2858 870 2920 fiat

124 2955 266 3019 lontibus
279 2957 312 3018 et
325 2953 456 3018 miseris.
500 2954 593 3017 tollas
606 2954 683 3017 licet
695 2973 790 3017 omne
805 2954 891 3036 quod
904 2975 1039 3038 usquam
1052 2961 1099 3020 est

124 3052 197 3116 auri
211 3055 307 3134 atque
320 3049 456 3132 argenti,
473 3053 602 3114 scutum
615 3051 823 3134 gladiumque
836 3052 996 3135 relinques

123 3152 158 3213 et
172 3148 315 3212 iaculum
329 3151 363 3211 et
376 3147 513 3228 galeem3
535 3148 677 3230 spoliatis
691 3168 780 3211 arma
799 3153 982 3231 supersunt.

124 3246 211 3328 quod
228 3245 322 3308 modo
335 3243 497 3327 proposui,
514 3263 579 3307 non
593 3248 641 3308 est
655 3246 828 3309 sententia:
843 3265 954 3309 verum
967 3251 1026 3322 cat,

123 3342 246 3406 credite
261 3361 312 3405 me
326 3341 414 3404 vobis
427 3341 543 3405 lolium
557 3341 689 3404 recitare
704 3341 852 3423 Sibyllae.

122 3440 150 3503 si
166 3438 228 3503 tibi
242 3442 352 3502 sancta
365 3438 476 3502 cohors
490 3438 655 3514 comitum,
672 3439 699 3502 si
714 3459 809 3502 nemo
822 3440 965 3503 tribunal

120 3535 238 3601 vendit
250 3556 469 3612 acerseccmes,
485 3535 512 3599 si
526 3536 653 3598 nullum
668 3536 700 3598 iu
717 3537 853 3618 coniuge
866 3538 998 3613 crimen,

120 3655 184 3698 nco
198 3654 255 3716 per
269 3637 445 3697 conventus
458 3637 491 3696 et
505 3638 622 3698 cuncta
635 3654 693 3713 per
706 3635 826 3716 oppida
838 3634 944 3697 curvis

119 3730 288 3810 unguibus
302 3730 348 3793 iro
362 3734 454 3813 parat
466 3749 615 3793 nummos
629 3736 761 3813 raptura
776 3731 921 3808 Celaeno,

118 3832 160 3892 tu
175 3826 285 3891 licata
299 3825 376 3890 Pico
389 3845 538 3891 numeres
550 3846 662 3908 genus,
678 3827 807 3908 altaque
820 3827 847 3891 si
861 3831 894 3892 te
