2909 4284
595 365 736 415 snum
751 367 791 414 11

143 537 211 584 non
224 515 418 603 praematuri
431 515 553 583 eineres
566 537 625 583 nse
638 517 740 583 iunus
752 517 901 583 sesrbum

141 615 300 692 luxuries,
316 615 370 680 sed
383 619 486 680 morte
499 614 601 698 msgis
613 616 787 680 metuentis
799 621 954 682 senectus

141 715 178 779 hi
192 715 381 798 plerumque
394 715 526 796 gradus:
548 715 707 779 eonducta
719 715 856 798 pecunie
869 716 988 781 Remse

140 818 175 878 et
188 833 295 877 eorem
308 811 446 876 dominis
459 812 673 892 eonsumitnr3
694 812 770 878 inde
783 814 840 878 nbi
853 814 987 897 psninm

140 911 248 976 neseio
261 910 340 995 quid
354 913 497 996 superest
509 915 544 975 st
555 911 656 995 pellet
668 911 809 976 faenoris
821 915 944 986 suntor,

140 1009 199 1092 qui
213 1013 334 1075 vertere
348 1009 462 1085 solum,
480 1009 572 1073 Bsiss
585 1014 618 1074 et
629 1009 671 1074 sd
685 1013 788 1073 ostres
800 1013 947 1073 sumunt.

139 1108 253 1171 oedsre
266 1127 405 1189 numque
418 1107 489 1172 iero
502 1107 567 1170 ism
580 1126 645 1172 non
659 1111 708 1170 est
720 1105 862 1170 deterius
875 1125 973 1189 qnsm

139 1204 302 1287 Esquilias
314 1225 334 1268 s
346 1203 486 1268 terrenti
498 1203 637 1287 migrare
651 1203 787 1268 Subura.

140 1301 196 1367 iile
210 1302 301 1367 dolor
314 1303 399 1366 solus
411 1301 550 1386 petriam
563 1300 776 1383 fugientibus,
792 1299 849 1364 ills

139 1399 302 1464 maestius
313 1403 372 1476 est,
387 1397 523 1464 usrnisse
536 1419 622 1464 enno
634 1399 829 1464 circensibus
842 1418 919 1464 uno.

138 1496 306 1580 sanguinis
318 1497 354 1560 in
367 1496 449 1561 iseie
462 1517 529 1561 nen
541 1497 651 1562 heerst
663 1500 768 1579 gutte,
785 1500 952 1560 merentur

138 1593 235 1679 penei
249 1594 423 1660 ridiculum
435 1597 471 1659 st
482 1593 662 1677 fugientem
676 1614 715 1660 ex
728 1594 807 1658 urbe
820 1595 989 1676 pudorem.

180 1692 341 1775 experiere
354 1691 449 1757 hodie
463 1691 622 1776 numquid
635 1690 852 1775 pulcher-rimu
863 1690 966 1768 metu,

139 1790 276 1867 Persius,
292 1811 357 1855 non
370 1793 527 1873 prusstsm
540 1789 624 1854 vites
638 1788 699 1854 tibi
712 1789 854 1854 moribus
866 1791 901 1853 st
913 1807 959 1866 re,

138 1888 167 1952 si
180 1888 309 1952 leudem
322 1887 453 1971 siliquas
465 1887 610 1953 oeeultus
622 1905 735 1969 ganeo,
750 1886 857 1970 pultes

138 2005 247 2051 sorum
266 1985 337 2050 aliis
349 1985 468 2050 distem
480 2004 582 2071 puero
594 1985 649 2048 ssd
663 1983 699 2048 in
711 2004 790 2049 sure
802 1983 974 2068 plsesntss.

137 2103 216 2147 nem
229 2103 304 2148 num
317 2082 359 2148 sis
372 2081 505 2148 eonvirs
517 2081 598 2146 mihi
612 2072 795 2166 promissus,
810 2080 941 2147 hebebis

139 2181 343 2258 Euandrum,
359 2179 465 2246 venies
478 2179 669 2263 Tirynthius
680 2184 739 2244 sut
752 2180 859 2244 minor
871 2179 929 2244 illo

138 2279 264 2360 hospes,
280 2282 314 2342 et
326 2278 393 2361 ipse
406 2282 513 2342 temen
527 2277 715 2359 contingens
728 2276 883 2360 sunguine
895 2275 1030 2356 melum,

138 2375 222 2440 ulter
234 2375 336 2459 equis,
352 2375 432 2440 ulter
445 2375 581 2438 flumnfis
594 2375 634 2438 sd
649 2375 753 2439 sidere
766 2375 892 2440 misens.

137 2472 262 2538 furcule
275 2492 362 2536 nune
375 2471 452 2536 sudi
465 2471 565 2536 nullis
577 2475 690 2536 omsts
703 2471 854 2536 masellis.

138 2571 180 2636 de
188 2569 366 2650 'Tiburtino
380 2568 488 2634 veniet
501 2567 731 2652 pinguissimus
743 2588 820 2650 egro

120 2715 123 2720 -
138 2668 296 2733 haedulus
308 2672 343 2732 et
355 2671 424 2732 toto
437 2686 532 2748 grege
545 2665 682 2742 mollior,
699 2666 818 2730 inscius
830 2665 947 2734 herbse

138 2766 278 2830 nendum
291 2784 386 2829 susus
399 2763 503 2845 virgus
515 2763 648 2827 humilis
661 2764 806 2828 mordere
819 2763 934 2841 ssiiuti,

138 2863 197 2946 qni
210 2862 285 2946 plus
296 2862 389 2926 luetis
402 2861 498 2926 hebet
512 2881 608 2943 quem
621 2860 798 2943 sunguinis,
814 2865 848 2926 et
860 2859 1007 2928 montani

137 2959 295 3044 asparagi,
309 2959 414 3042 posito
428 2979 505 3042 quos
518 2957 599 3040 legit
612 2958 706 3024 vilice
718 2959 802 3024 fuso.

136 3056 274 3140 grundis
286 3059 449 3139 praeterea
461 3058 609 3137 tortoque
622 3055 760 3118 eslsntie
771 3055 867 3119 isene

137 3174 198 3220 ovs
211 3155 329 3219 sdsunt
342 3153 419 3236 ipsis
432 3172 507 3217 uum
520 3151 688 3229 matribus,
704 3155 738 3216 et
750 3156 892 3218 sswetse

136 3256 229 3334 perte
242 3250 321 3315 snni
335 3251 444 3334 qusles
456 3251 588 3314 fuerent
601 3249 637 3312 in
649 3249 771 3313 vitibus
785 3269 876 3327 urse,

138 3349 312 3432 Signinum
327 3347 519 3431 Syriumque
532 3347 652 3431 pirum,
667 3348 708 3411 de
721 3348 870 3412 eorbibus
882 3347 985 3413 isdem

136 3448 264 3512 esmnls
277 3445 402 3510 Pieenis
414 3449 448 3510 st
461 3444 566 3510 odoris
579 3445 662 3509 mels
675 3444 812 3510 resuntis

136 3564 196 3610 nee
210 3544 384 3608 metuende
396 3541 468 3618 tibi,
484 3541 638 3606 moestum
651 3542 772 3624 frigore
785 3546 956 3626 postquem

136 3646 333 3708 autumnum
346 3643 380 3705 st
392 3639 485 3704 erudi
498 3659 630 3724 posuere
643 3640 786 3723 perionis
798 3639 877 3705 suoi.

137 3739 215 3806 huso
228 3739 307 3804 olim
321 3737 421 3802 nostri
435 3737 499 3803 ism
513 3737 676 3802 luxuriose
689 3741 818 3802 senstus

137 3836 304 3906 esnsiuit
350 3834 467 3902 Ourius
480 3854 578 3920 perro
591 3855 673 3920 quse
686 3835 915 3919 legersthorto
