2909 4284
247 245 291 312 66
614 260 647 310 n.
672 259 772 310 ivan
791 259 984 310 rrvrunrus

248 413 282 476 et
295 415 417 489 tamen,
434 413 473 476 ut
485 410 582 494 longe
596 415 724 495 repetes
737 410 899 495 longaque
912 411 1058 477 revolvas

247 528 379 585 nomen,
395 509 436 573 ab
450 508 565 572 inlsmi
580 513 712 591 gentem
727 510 861 574 deducis
875 510 964 592 asylo
972 530 983 589 ;

248 605 408 670 maiorum
421 605 557 690 primus,
575 606 722 690 quisquis
735 606 804 670 luit
818 606 885 682 illo,
900 612 1035 670 tuorum

247 705 307 767 aut
320 706 431 785 pastor
445 702 512 766 luit
525 706 585 767 sut
598 703 682 767 illud
696 702 784 786 quod
799 701 907 767 dicere
921 702 1009 768 uolo.

691 878 842 934 SA'l'VBA
863 877 904 932 1x

248 995 338 1062 Scire
352 995 461 1073 uelim,
478 1013 576 1080 quere
590 995 712 1061 totiens
727 994 819 1072 milri,
836 995 991 1072 Neerole,
1007 994 1113 1061 tristis

248 1113 399 1158 occurras
412 1094 522 1158 fronte
537 1094 680 1158 obducta
693 1113 754 1158 oen
769 1093 898 1176 Marsya
911 1094 1029 1159 rictus.

248 1191 328 1273 quid
342 1190 404 1254 tibi
419 1211 494 1256 cum
508 1191 616 1267 vultu,
632 1191 762 1274 qualern
776 1191 954 1274 deprensus
967 1191 1108 1255 habebat

248 1288 370 1352 Rauola
384 1288 463 1352 dum
478 1287 650 1371 Rhodopes
665 1288 733 1352 uda
744 1288 824 1352 terit
838 1287 976 1372 inguina
988 1288 1108 1352 barba?

248 1405 308 1449 nos
322 1385 496 1468 colaphum
511 1384 690 1449 incutimus
704 1385 862 1448 lambenti
877 1383 1024 1449 crustula
1036 1404 1138 1450 servo.

247 1502 313 1547 non
329 1482 392 1546 erit
405 1481 467 1546 hae
482 1482 565 1546 lacie
579 1481 794 1546 miserabilior
808 1481 999 1566 Crepereius

249 1579 364 1656 Pollio,
380 1580 437 1663 qui
451 1579 614 1662 triplicem
628 1599 761 1643 usuram
774 1584 938 1663 praestsre
951 1582 1086 1663 perotus

248 1676 399 1741 circumit
413 1681 447 1740 et
461 1677 571 1740 latuos
584 1696 650 1740 non
664 1677 801 1740 invenit.
846 1676 933 1740 unde
947 1679 1081 1760 repente

247 1779 300 1837 tot
314 1773 433 1857 rugae?
473 1778 560 1837 certe
575 1773 703 1842 modico
718 1777 894 1838 contentus
908 1774 1024 1856 agebas

248 1891 381 1935 uernam
395 1871 550 1955 equitem,
568 1871 704 1936 conviva
717 1871 789 1936 ioco
804 1872 973 1936 mordente
986 1871 1115 1936 facetus

249 1973 283 2032 et
296 1969 417 2032 salibus
430 1969 604 2033 vehemens
617 1968 705 2032 iutra
719 1968 863 2052 pomeria
875 1968 973 2033 netis.
1077 2008 1083 2015 ·

249 2065 358 2130 omnia
372 2086 461 2130 nune
475 2071 602 2130 contra:
624 2067 736 2130 vultus
750 2066 868 2148 gravis,
884 2065 1018 2130 horrida
1030 2065 1135 2130 siccas

249 2163 330 2226 silva
344 2183 464 2239 comae,
481 2163 592 2226 nullus
606 2166 678 2226 tota
691 2163 781 2227 nitor
794 2163 830 2226 in
844 2167 932 2239 cute,
948 2162 1078 2246 qualem

250 2260 382 2323 Bruttis
395 2260 580 2343 praestabat
594 2261 691 2323 culidi
706 2260 767 2323 tibi
781 2260 882 2324 lascis
895 2259 987 2337 rioci,

250 2357 306 2421 sed
321 2357 500 2422 lruticante
514 2358 581 2440 pilo
596 2358 747 2440 neglecta
760 2362 794 2422 et
808 2357 956 2440 squalida
970 2377 1074 2422 crura.

251 2454 331 2537 quid
345 2453 463 2518 macies
478 2453 565 2538 aegri
580 2455 709 2532 ueteris,
727 2475 824 2538 quem
838 2461 985 2538 tempore
998 2455 1098 2537 longo

250 2556 355 2616 torret
369 2555 485 2635 quarta
499 2552 568 2616 dies
582 2551 724 2635 olimque
739 2553 917 2616 domestica
929 2549 1050 2617 febris?

209 2685 211 2694 ι
251 2649 431 2732 deprendas
445 2649 545 2713 animi
561 2653 725 2713 tormenta
738 2648 872 2713 latentis
886 2650 921 2712 in
935 2668 1033 2731 aegro

251 2766 395 2829 corpore,
412 2747 592 2829 deprendas
607 2751 640 2811 et
653 2746 795 2830 gaudia3
816 2747 918 2810 sumit
933 2752 1110 2829 utrumque

250 2843 327 2907 inde
341 2844 491 2907 habitum
506 2845 615 2908 lacios.
660 2844 763 2927 igitur
777 2843 902 2908 flexisse
915 2843 1036 2907 uideris

251 2940 455 3024 propositum
470 2946 504 3005 et
518 2942 603 3006 vitae
619 2942 802 3006 contrarius
815 2940 862 3004 ire
876 2940 987 3023 priori.

251 3058 357 3122 nuper
371 3038 469 3115 enim,
487 3042 525 3101 ut
539 3043 661 3122 repeto,
678 3040 795 3102 lanum
809 3037 905 3102 Isidis
920 3042 954 3102 et
969 3036 1190 3120 Ganymedem

253 3135 345 3200 Pacis
360 3140 393 3200 et
407 3136 560 3200 advectae
575 3140 699 3201 secreta
713 3136 839 3201 Palatia
853 3135 966 3199 matris

253 3238 287 3297 et
302 3234 568 3298 Cererem—nam
583 3253 646 3316 quo
661 3253 727 3297 non
742 3237 869 3315 prostst
882 3232 1007 3296 lomina
1019 3230 1203 3316 templo?-

252 3331 362 3394 notior
376 3331 509 3394 Aufidio
524 3331 677 3394 moechus
692 3331 847 3394 scelerare
861 3329 996 3405 solebas,
1308 3326 1349 3387 25

254 3429 405 3511 quodque
420 3434 519 3503 taces,
536 3428 623 3510 ipsos
637 3427 736 3490 etiam
750 3426 907 3492 inclinare
922 3426 1066 3490 maritos.
1149 3446 1151 3449 ·

297 3526 398 3589 ‘utile
413 3531 446 3588 et
460 3525 522 3589 hoc
537 3524 650 3587 multis
664 3525 751 3589 vitae
765 3544 879 3606 genus,
896 3528 931 3587 et
947 3522 1027 3588 mihi
1042 3523 1172 3587 nullum

254 3621 331 3684 inde
346 3642 459 3703 operae
474 3623 627 3703 pretium.
672 3622 810 3703 pingues
824 3621 1000 3703 aliquando
1013 3622 1170 3697 lacernas,

255 3717 459 3780 munimenta
474 3723 578 3799 togae,
596 3717 670 3780 duri
685 3718 847 3800 crassique
862 3718 978 3781 coloris
