2909 4284
541 299 690 352 ,SATVRA
710 300 780 347 vm

120 449 172 516 bio
185 471 288 516 nevus
301 449 449 535 Arpinas,
466 449 615 534 ignobilis
627 453 661 514 st
674 451 770 513 modo
783 449 901 514 Romae

120 549 322 631 municipalis
336 569 441 630 eques,
457 549 618 630 galeatum
632 548 725 630 ponit
739 547 858 629 ubique

119 647 313 730 praesidium
326 646 472 709 attonitis
485 651 518 709 et
531 646 567 708 in
581 645 670 708 omni
684 649 792 708 monte
805 645 937 726 laborat.
1068 679 1074 696 ι

121 749 248 808 tantum
262 744 362 825 igitur
375 763 483 807 muros
496 743 583 806 iutra
595 747 671 825 toga
683 742 823 806 eontulit
835 741 885 804 illi

119 841 259 905 nominis
272 861 308 904 ae
324 841 422 916 tituli,
439 846 597 924 quantum
611 841 646 903 in
661 840 816 915 Leueade,
833 842 991 922 quantum

120 939 299 1002 Thessaliae
312 939 432 1021 eampis
446 938 597 1002 Octavius
609 939 743 1002 abstulit
755 938 820 1001 ndo

119 1037 268 1100 caedibus
280 1036 421 1100 adsiduis
433 1037 550 1118 gladio,
566 1035 622 1100 sed
637 1036 738 1100 Roma
750 1039 925 1118 parentem,

120 1134 221 1196 Roma
234 1137 357 1216 patrem
372 1133 492 1214 patriae
506 1133 691 1198 Ciceronem
704 1133 804 1196 libera
816 1132 911 1195 dixit.

119 1231 259 1312 Arpinas
272 1230 354 1293 alius
367 1231 555 1294 Volseorum
568 1230 603 1292 in
618 1234 726 1294 monte
740 1229 861 1292 solebat

118 1348 247 1409 poscere
261 1327 419 1390 mercedes
431 1327 535 1390 alieno
548 1327 649 1390 lassus
661 1332 778 1403 aratro,

118 1425 272 1487 nodosam
286 1428 358 1507 post
370 1425 448 1488 haee
460 1425 629 1506 frangebat
642 1425 759 1488 vertioe
772 1425 882 1501 vitem,

119 1521 146 1584 si
158 1523 268 1584 lentus
279 1522 371 1603 pigra
383 1522 525 1585 muniret
536 1526 640 1585 eastra
652 1521 796 1597 dolabra3

119 1619 173 1683 hio
187 1624 296 1682 tamen
309 1623 343 1682 et
356 1619 501 1682 Gimbros
513 1622 547 1682 et
559 1639 685 1682 summa
696 1619 839 1701 pericula
851 1639 958 1682 rerum

118 1717 239 1799 exeipit
252 1720 285 1779 et
298 1715 383 1779 solus
395 1715 609 1798 trepidantem
622 1720 695 1798 prot
696 1716 762 1797 egit
748 1717 896 1778 t.urbem

118 1817 216 1895 atque
229 1813 312 1889 ideo,
328 1817 496 1895 postquam
508 1814 550 1876 ad
564 1813 754 1876 Gimbrosst
740 1817 923 1894 tragemque
937 1813 1085 1876 volabant

119 1912 177 1994 qni
191 1931 368 1992 numquam
381 1912 555 1992 attigerant
568 1911 688 1974 maiora
701 1910 853 1974 caderem
864 1909 963 1984 aerei,

118 2009 236 2072 nobilis
249 2013 381 2072 ornatur
393 2008 484 2071 lauro
496 2008 617 2089 eollega
630 2009 779 2072 seeuuda.

118 2107 259 2190 plebeiae
273 2105 445 2170 Deciorum
458 2106 593 2183 animae,
610 2105 733 2188 plebeia
745 2107 880 2168 morunt

118 2204 265 2279 nomina;
286 2222 345 2285 pro
358 2202 436 2268 totis
448 2202 626 2284 legionibus
638 2203 674 2266 hi
688 2206 797 2265 temen
809 2205 844 2266 et
856 2222 914 2285 pro

119 2301 268 2364 omnibus
281 2299 408 2363 auxiliis
421 2303 517 2383 atque
531 2299 618 2362 omni
632 2300 717 2383 pube
732 2300 848 2362 latina

118 2398 284 2462 sufficiunt
297 2397 347 2460 dis
359 2397 495 2461 infernis
508 2397 686 2479 Terraeque
700 2397 841 2478 parenti;

118 2495 223 2577 pluris
235 2493 322 2558 enim
336 2493 426 2558 Deeii
440 2515 537 2577 quam
551 2514 632 2576 quae
645 2498 812 2558 servantur
824 2496 864 2558 ab
878 2494 951 2559 illis.

119 2593 237 2656 aneilla
249 2595 343 2655 natus
358 2593 497 2656 trabeam
511 2595 545 2656 et
557 2592 705 2655 diadema
719 2591 846 2667 Quirini

119 2695 152 2753 et
165 2692 267 2753 fasces
279 2690 407 2765 meruit,
424 2710 535 2771 regum
549 2689 684 2753 ultimus
697 2690 752 2752 ille
765 2689 933 2752 bonorum.

119 2787 248 2870 prodita
261 2787 410 2850 laxabant
422 2791 585 2870 portarum
601 2787 740 2850 claustra
752 2786 896 2867 tyrannis

118 2885 267 2948 exulibus
280 2884 409 2948 iuvenes
421 2883 521 2966 ipsius
534 2884 673 2948 consulis
685 2888 719 2948 et
733 2905 811 2967 quos

118 3001 275 3062 magnum
287 2981 408 3064 aliquid
421 2981 519 3045 dubia
531 3001 591 3064 pro
603 2981 752 3045 libertate
764 2982 900 3057 deseret,

119 3079 208 3160 quod
222 3077 392 3142 miraretur
405 3098 479 3141 eum
494 3078 616 3142 (ioelite
630 3078 757 3142 Mucius
769 3082 803 3142 et
817 3099 898 3159 quae

119 3174 246 3258 imperii
261 3176 340 3239 fines
354 3175 542 3238 Tiberinum
556 3175 646 3258 virgo
656 3176 795 3239 natavit:

119 3273 246 3336 oooulta
258 3273 300 3336 ad
313 3275 419 3354 patres
431 3273 584 3355 produxit
597 3273 733 3336 erimina
746 3293 854 3337 servus

118 3369 276 3434 matronis
288 3370 457 3452 lugendus,
473 3376 507 3434 at
519 3370 591 3434 illos
604 3371 734 3434 verbera
747 3369 840 3434 iustis

117 3467 278 3530 adiiciunt
290 3468 400 3550 poenis
413 3471 447 3531 et
459 3469 567 3549 legum
581 3469 686 3550 prima
698 3468 828 3532 securis.

159 3565 246 3629 malo
259 3569 351 3647 pater
363 3564 424 3628 tibi
438 3565 481 3630 sit
494 3565 666 3642 Thersites,
682 3566 857 3631 dummodo
869 3570 908 3630 tn
921 3567 965 3632 sin

117 3663 278 3727 Aeaeidae
291 3662 404 3726 similis
417 3662 637 3746 Vuloaniaque
651 3684 739 3727 arma
752 3656 918 3746 capessas(

118 3779 216 3840 quam
233 3763 265 3823 te
279 3759 442 3894 Thersitae
456 3760 592 3824 similem
606 3761 763 3840 produeat
776 3761 929 3825 Achilles.
