2909 4284
241 315 283 384 32
607 311 641 360 n.
664 311 764 360 rvsnr
784 310 978 362 rvvasnms

240 467 451 533 ehironomon
466 461 589 530 Ledam
601 462 693 528 molli
706 461 846 528 mltante
861 461 1014 548 Bathyllo

241 565 364 630 Tuooia
376 561 500 629 resinae
513 580 580 625 non
594 562 745 644 imperat,
761 560 872 644 Apula
885 561 1003 643 gannit

240 663 326 728 siout
340 662 376 726 in
389 660 540 744 amplexu
555 659 664 724 subito
677 662 712 724 et
725 659 908 723 miserabile
920 659 1069 743 longum,

239 760 384 826 attendit
397 757 571 842 Thymeler
591 756 749 840 Thymele
762 762 844 821 tuno
857 756 981 821 rustiea
993 755 1101 824 disoit

240 863 291 922 ast
305 857 397 935 aliae,
413 854 564 940 quotiens
577 854 691 919 aulaea
703 854 874 918 recondita
892 857 1020 918 seaeant

240 960 275 1020 et
288 975 391 1022 vaouo
405 954 559 1037 alueoque
573 957 692 1017 sonant
706 953 779 1016 lora
793 953 861 1016 sola
874 951 1047 1016 theatro-

240 1057 338 1137 atque
352 1073 372 1118 a
384 1050 507 1136 plebeis
520 1050 618 1133 longe
633 1048 959 1132 Megalesia-tristes

240 1171 410 1234 personam
424 1149 637 1232 thyrsumque
651 1152 768 1212 tenent
781 1152 816 1212 et
836 1146 981 1230 subligar
993 1145 1086 1214 Aaou

240 1249 380 1313 Vrbicus
394 1246 509 1312 exodio
522 1244 624 1310 risum
637 1249 748 1310 moret
761 1244 933 1308 Atellanae

240 1345 385 1429 gestibus
399 1345 578 1420 Autonoes,
594 1342 684 1406 huno
698 1341 809 1424 diligit
822 1340 918 1404 Aelia
930 1359 1066 1424 pauper.

241 1443 379 1509 solvitur
391 1441 443 1506 his
457 1459 576 1523 magno
590 1438 738 1504 comoedi
752 1439 863 1516 fibula,
880 1441 958 1503 snut
972 1457 1057 1522 quae

242 1541 490 1624 Chrysogonum
503 1542 635 1602 eantare
649 1541 773 1614 retent,
791 1536 945 1620 Hispulla
958 1535 1114 1618 tragoedo

241 1639 363 1721 gaudet
375 1657 384 1702 r
404 1657 447 1702 an
461 1639 611 1720 expectas
624 1639 663 1698 ut
677 1634 901 1712 Quintilianus
913 1636 1042 1697 ametur
1056 1632 1073 1698 l

241 1735 361 1819 aeoipis
374 1754 508 1799 uxorem
522 1733 563 1797 de
577 1753 642 1816 qua
655 1732 864 1797 oitharoedus
877 1731 1006 1796 llohion

241 1837 301 1899 aut
315 1832 498 1916 Glaphyrus
512 1831 570 1896 flat
583 1834 677 1914 pater
691 1829 946 1912 Ambrosiusque
959 1827 1137 1894 choraules.
1166 1878 1170 1898 2

241 1931 340 2013 longa
352 1950 411 2014 per
423 1933 579 2013 angustos
592 1928 731 2010 figamus
743 1928 874 2011 pulpita
886 1927 985 2003 rioos,

242 2032 401 2093 ornentur
413 2031 522 2110 postes
536 2029 570 2090 et
584 2025 700 2107 grandi
714 2023 813 2090 ianua
825 2024 929 2102 lauro,

242 2130 283 2190 ut
295 2124 482 2190 testudineo
496 2123 569 2200 tibi,
588 2122 740 2199 Lentule,
757 2142 901 2205 conopeo

242 2221 361 2286 nobilis
375 2221 556 2304 Euryalum
569 2224 628 2285 aut
642 2219 884 2283 murmillonem
898 2219 1059 2302 exprimat
1071 2217 1192 2282 inians.
1326 2259 1329 2262 -

243 2324 348 2403 nupta
362 2319 503 2384 senatori
518 2318 673 2383 eomitata
690 2321 741 2381 est
755 2317 861 2400 Eppia
873 2317 992 2380 ludum

243 2418 286 2482 ad
301 2417 431 2480 Pharon
445 2419 479 2480 et
493 2416 609 2479 Nilum
622 2416 811 2497 famosaque
825 2413 954 2479 moenia
967 2413 1049 2498 Lagi

244 2513 393 2599 prodigia
407 2517 440 2579 et
454 2532 559 2577 mores
573 2511 663 2576 urbis
677 2513 854 2576 damnante
869 2512 1010 2595 Oanopo.

245 2613 404 2676 inmemor
417 2609 474 2674 illa
487 2610 604 2675 domus
617 2613 652 2674 et
666 2609 815 2691 coniugis
828 2612 927 2693 atque
941 2608 1059 2674 sororia

244 2709 293 2773 nil
307 2708 430 2793 patriae
444 2708 594 2784 indulsit,
610 2707 840 2790 plorantesque
853 2707 1002 2791 improba
1014 2710 1120 2783 natos,

245 2812 348 2890 utque
361 2805 463 2888 magis
478 2809 619 2888 stupeas,
635 2804 730 2868 ludos
745 2803 959 2888 Paridemque
972 2803 1115 2887 reliquit.

246 2906 302 2969 sed
316 2922 512 2987 quamquam
526 2902 561 2965 in
575 2901 832 2984 magnis‘opibus
846 2900 1021 2985 plumaque
1033 2904 1172 2984 paterna

246 3006 281 3065 et
294 2999 505 3083 segmentatis
519 2999 690 3062 dormisset
703 2998 839 3082 parvula
852 2999 957 3076 cunis,

247 3097 443 3180 oontempsit
456 3097 590 3180 pelagus
602 3117 612 3176 ;
633 3098 755 3160 famam
768 3100 1010 3180 contempserat
1025 3095 1115 3172 olim,

247 3195 340 3260 ouius
354 3196 442 3276 apud
456 3194 569 3257 molles
583 3193 717 3257 minima
731 3197 781 3258 est
794 3193 921 3258 iaotura
934 3193 1113 3258 cathedras.

247 3291 432 3374 Tyrrhenos
446 3290 549 3373 igitur
563 3290 683 3353 fluetus
697 3291 829 3373 lateque
843 3294 1014 3355 sonantem

247 3388 386 3475 pertulit
400 3387 532 3452 Ionium
546 3387 710 3452 constanti
723 3392 866 3471 peotore,
883 3386 1030 3471 quamvis

248 3486 444 3551 mutandum
459 3485 582 3551 totiens
596 3488 681 3548 esset
694 3503 792 3549 mare.
836 3485 925 3548 iusta
937 3483 1051 3568 perioli

249 3585 277 3650 si
290 3583 375 3648 ratio
389 3587 439 3648 est
452 3587 487 3647 et
499 3583 647 3658 honesta,
663 3582 784 3646 timent
796 3582 980 3665 pavidoque
993 3581 1146 3664 gelantur
1311 3583 1355 3647 95

249 3685 381 3764 peotore
393 3700 455 3746 uso
468 3679 618 3746 tremulis
631 3684 770 3763 possunt
782 3679 934 3743 insistere
947 3678 1092 3762 plantis:

251 3779 371 3842 rorum
384 3777 531 3843 animum
543 3780 712 3862 praestant
724 3776 821 3840 rebus
835 3795 915 3860 quas
928 3775 1071 3860 turpiter
1089 3775 1226 3843 audent.
