2909 4284
550 322 683 372 SATVRA
705 324 760 372 x11

102 481 137 542 et
148 475 244 542 eadat
257 477 333 540 ante
346 475 441 540 Iarea
455 475 607 540 Gallittae
620 475 752 540 riotima
764 477 831 541 eola

100 575 202 641 tantia
215 574 315 656 digna
328 574 396 638 daia
409 577 442 638 et
455 573 671 656 captatoribus
683 573 811 638 horum.

100 674 184 738 alter
197 672 295 746 enim,
311 671 338 734 ai
351 672 514 746 ooneedaa,
530 676 669 735 muctare
682 671 810 736 vovebit

100 771 141 834 de
154 790 251 854 grege
264 788 427 832 servorum
442 789 558 849 magna
571 772 629 832 aut
641 767 859 851 pulcherrim
871 785 1015 848 quaeque

100 887 243 956 corpora,
260 866 308 930 vel
323 865 432 949 pueris
444 870 479 929 et
491 866 653 928 frontibus
666 865 856 929 ancillarum

100 964 236 1047 inponet
249 963 354 1038 vittas,
371 967 405 1026 at
418 963 508 1045 aiquu
521 966 570 1027 eat
583 962 704 1027 nubilis
718 962 767 1024 ilii

100 1061 272 1144 Iphigenia
285 1061 383 1136 domi,
400 1060 490 1124 dabit
502 1061 587 1124 hane
599 1059 764 1135 altaribus,
779 1058 840 1122 etei

100 1178 167 1222 non
181 1163 288 1240 eperat
301 1158 439 1240 tragioae
453 1157 575 1221 iurtiva
588 1156 715 1240 piacula
728 1175 849 1220 cervae.

100 1256 199 1320 laudo
212 1276 320 1318 meum
333 1256 446 1332 civem,
462 1274 523 1319 neo
535 1275 684 1338 oomparo
698 1252 888 1318 testamento

99 1353 189 1417 mille
203 1356 300 1430 ratea3
321 1365 397 1416 nam
411 1353 438 1415 ei
452 1352 627 1415 Libitinam
641 1352 776 1416 evaserit
787 1370 891 1431 aeger,

100 1448 220 1514 delebit
234 1450 359 1514 tabulae
372 1450 516 1514 inolueue
529 1469 652 1514 oaroere
665 1469 774 1513 naaaao

100 1551 173 1631 poet
187 1548 338 1612 meritum
353 1568 427 1612 eane
441 1547 625 1611 mirandum
638 1552 736 1629 atque
749 1546 857 1610 omnia
868 1544 927 1610 aoli

99 1635 209 1709 forsan
223 1645 363 1710 Paouvio
376 1645 514 1710 breviter
527 1645 628 1723 dabit,
644 1645 699 1709 illa
712 1644 867 1727 superbae

100 1743 229 1807 incedet
242 1743 334 1808 vietis
348 1744 510 1808 rivalibus.
554 1764 629 1825 ergo
643 1743 732 1808 videa
745 1761 842 1824 quam

100 1842 222 1923 grande
236 1862 349 1925 operae
362 1843 505 1926 pretium
518 1841 617 1906 iaciat
630 1841 778 1923 iugulata
791 1839 944 1922 Myoenia.

100 1939 189 2003 uvat
202 1939 361 2004 Pacuvius
375 1959 489 2022 quaeso
502 1939 553 2002 vel
567 1939 703 2002 Nestora
715 1941 833 2013 toturn,

100 2036 260 2121 possideat
273 2040 431 2118 qnantum
445 2035 553 2117 rapuit
566 2036 663 2111 Nero,
679 2035 843 2098 montibus
856 2053 971 2098 aurum

100 2137 266 2218 exaequet,
282 2152 341 2198 neu
354 2136 440 2198 amet
453 2151 646 2215 quemquam
660 2152 718 2196 neo
731 2135 857 2196 ametur
869 2131 910 2194 ab
922 2131 999 2196 ullo.
