2909 4284
572 324 705 372 surm
727 323 776 372 XV

128 496 145 539 e
157 495 249 560 grege
263 482 439 555 mutorum,
454 483 552 563 atque
565 480 637 545 ideo
650 480 828 546 uenerabile
842 480 901 546 soli

127 574 226 636 sortiti
241 575 408 657 ingenium
422 577 669 661 divinorumque
683 599 812 661 capuces

126 675 217 754 utque
230 673 413 736 exercendis
427 675 652 756 pariendisque
665 677 788 740 artibus
801 677 869 758 epti

124 788 247 832 sensnm
261 770 420 834 conelesti
435 770 608 835 demissum
624 773 779 837 traximus
792 793 875 850 erce,

124 867 212 929 euius
226 871 320 946 egent
334 887 435 948 prone
448 873 481 930 et
495 871 613 932 terrem
628 871 813 952 spectantia.
857 872 972 936 mundi

101 1010 103 1013 -
123 963 277 1046 principio
290 964 426 1028 indulsit
439 967 618 1030 eommunis
632 967 778 1031 conditer
793 967 857 1033 illis

123 1063 251 1124 tentum
264 1060 398 1136 enimes,
414 1060 508 1124 nobis
521 1060 667 1123 animum
681 1080 821 1142 quoque,
837 1064 973 1126 mutuus
987 1063 1025 1125 ut
1038 1080 1098 1125 nos

123 1155 268 1217 adfectus
280 1159 389 1236 petere
402 1154 560 1217 auxilium
574 1157 607 1216 et
621 1158 783 1236 praestare
797 1154 932 1229 iuberet,
1162 1156 1222 1218 150

124 1251 276 1333 dispersos
289 1251 414 1314 trahere
428 1252 463 1313 in
477 1252 646 1333 populum,
662 1251 800 1332 migrare
814 1254 940 1315 vetusto

123 1349 161 1411 de
174 1368 302 1412 nemore
315 1354 349 1411 et
361 1348 488 1430 proavis
499 1348 659 1411 habitatus
672 1348 818 1429 linquere
831 1348 937 1424 silvas,

122 1444 285 1509 aedificare
298 1446 419 1522 domos,
436 1446 555 1509 iuribus
569 1447 762 1528 coniungere
776 1445 893 1509 uestris

121 1546 243 1606 tectum
257 1543 357 1618 aliud,
374 1546 462 1606 tutos
475 1543 581 1608 ricino
594 1541 708 1606 limine
721 1563 848 1606 somnos

121 1644 159 1701 ut
172 1639 287 1703 collate
300 1640 390 1702 deret
404 1639 532 1714 fidncia,
548 1643 714 1722 protegere
727 1640 825 1702 ermis

120 1736 245 1818 lapsum
259 1739 317 1798 eut
330 1735 456 1818 ingenti
470 1740 641 1800 nutantem
656 1737 787 1801 vulnere
800 1737 913 1812 civem,

119 1834 283 1898 communi
297 1835 372 1897 dere
386 1834 580 1916 signatum,
597 1834 765 1897 defendier
778 1834 877 1897 isdem

119 1931 263 1995 turribus
275 1936 373 2012 etque
387 1952 452 1994 une
465 1942 631 2014 porturum
646 1933 734 1995 cleve
748 1931 861 1994 teneri.

118 2029 172 2092 sed
187 2029 253 2092 ium
266 2033 451 2110 serpentum
465 2029 566 2092 maior
578 2029 758 2104 eoncordia,
775 2029 878 2111 percit

118 2126 264 2208 cognatis
277 2125 410 2189 maculis
424 2125 538 2188 similis
551 2127 630 2200 iere,
647 2127 776 2207 quando
790 2125 874 2188 leoni
1161 2130 1220 2190 160

117 2225 234 2288 fortier
247 2223 367 2306 eripuit
380 2224 479 2287 vitam
494 2225 568 2287 leo?
610 2244 674 2305 quo
687 2242 815 2286 nemore
830 2243 985 2305 umquem

116 2322 276 2404 expiravit
289 2340 365 2403 uper
378 2321 506 2384 maioris
520 2321 671 2384 dentibus
684 2320 754 2402 apri
765 2322 780 2382 l

116 2419 232 2482 Indice
245 2418 339 2500 tigris
351 2419 419 2500 ugit
431 2417 542 2480 rabide
554 2438 630 2480 cum
644 2418 761 2498 tigride
774 2437 884 2500 pacem

114 2520 318 2599 perpetuum,
337 2515 437 2578 saevis
450 2515 536 2578 iuter
550 2535 583 2578 se
596 2515 748 2578 convenit
761 2515 854 2578 ursis.

114 2618 165 2678 ast
179 2613 305 2676 homini
318 2614 443 2675 ferrum
456 2611 551 2675 letule
565 2612 682 2675 incude
696 2611 837 2674 nefande
1158 2616 1219 2678 165

112 2710 304 2794 produxisse
319 2729 433 2792 perum
448 2713 508 2785 est,
524 2730 598 2772 cum
613 2713 714 2772 restra
727 2713 760 2772 et
773 2709 896 2772 surcula
912 2712 1038 2773 tuntum

112 2807 242 2871 adsueti
256 2827 392 2888 coquere
405 2811 439 2871 et
452 2807 565 2870 marris
579 2827 616 2870 ue
630 2827 757 2870 vomere
769 2807 843 2870 lessi

111 2903 290 2969 nescierint
302 2904 399 2986 primi
413 2905 536 2986 gladios
548 2904 721 2967 extendere
735 2903 828 2967 iubri.

110 3002 290 3085 aspicimus
304 3002 440 3086 populos
454 3023 591 3084 quorum
605 3022 672 3064 nou
686 3001 804 3064 sufficit
818 3001 882 3064 irae

110 3099 268 3164 occidisse
282 3099 433 3182 aliquem,
449 3101 647 3182 sedpectore
659 3098 808 3161 bracchia
820 3100 943 3162 voltum
1160 3101 1219 3164 lio

109 3197 313 3260 crediderint
326 3217 427 3278 genus
440 3217 505 3261 esse
518 3196 592 3260 cibi.
637 3195 715 3277 quid
729 3195 849 3258 diceret
862 3215 937 3278 erge

109 3294 166 3357 vel
182 3313 248 3375 quo
261 3314 326 3357 nou
340 3294 477 3374 lugeret,
493 3291 520 3356 si
535 3313 623 3356 nunc
636 3293 713 3356 haee
727 3296 869 3356 monstra
882 3293 1004 3356 videret

110 3391 325 3472 Pythagoras,
341 3390 466 3454 cunctis
479 3390 670 3453 animalibus
683 3390 840 3452 abstinuit
853 3388 910 3471 qui

109 3493 283 3570 tamquam
297 3487 428 3552 homine
442 3491 477 3551 et
489 3485 595 3551 ventri
608 3485 745 3549 indulsit
759 3505 824 3550 uon
837 3505 932 3550 omne
945 3487 1118 3568 legumen?

277 3825 295 3878 8
