2909 4284
564 333 698 384 SATVBA
721 337 785 384 m

123 487 217 551 dirue
232 485 419 551 Maurorum
432 488 577 570 attegias,
593 488 722 552 castella
736 487 940 570 Brigantum,

122 590 163 649 nt
176 586 368 669 locupletem
381 585 521 667 aquilam
535 585 596 649 tibi
610 585 823 668 sexagesimus
835 606 939 650 annus

122 685 260 748 adierat
304 687 361 747 aut
373 683 485 765 longos
498 687 674 747 castrorum
688 686 773 748 ferre
786 684 907 748 labores

123 781 150 844 si
164 781 255 864 pigot
268 785 302 845 et
315 781 477 864 trepidum
490 781 620 846 solvunt
633 781 692 845 tibi
706 801 827 845 cornua
839 784 984 847 uentrem

122 898 199 941 cum
212 879 304 941 lituis
317 878 437 954 audita,
453 897 544 961 pares
558 879 642 960 quod
657 879 793 942 vendere
805 876 907 962 possis
1163 885 1224 948 20⁰

123 973 227 1058 pluris
241 974 386 1050 dimidio,
402 994 461 1038 noc
474 977 508 1037 te
521 974 651 1038 iustidie
664 975 780 1038 mercis

124 1068 225 1132 ullius
240 1069 378 1132 subeant
391 1069 588 1152 ablegandae
602 1067 746 1131 Tiberim
760 1068 857 1145 ultra,

123 1184 188 1230 neu
202 1167 313 1230 credas
326 1167 510 1250 ponendum
524 1167 648 1249 aliquid
661 1166 855 1230 discriminis
867 1167 955 1232 inter

123 1267 293 1345 unguenta
305 1267 338 1338 et
351 1263 488 1342 corium3
509 1264 591 1327 lucri
606 1265 708 1327 bonus
721 1267 769 1327 est
783 1263 861 1326 odor
873 1281 913 1326 ex
925 1281 960 1324 re

125 1361 279 1442 qualibet.
323 1361 378 1424 illa
392 1365 450 1424 tuo
463 1362 621 1425 sententia
634 1382 759 1444 semper
772 1362 806 1424 in
821 1380 875 1424 ore
1161 1362 1223 1429 205

124 1462 269 1520 versetur
282 1458 332 1521 dis
344 1462 440 1540 atque
454 1459 522 1542 ipso
535 1459 610 1522 Iovo
623 1459 722 1540 digna
736 1462 843 1540 poeta:

126 1554 149 1586 “
159 1556 249 1619 unde
262 1555 376 1619 habeas
389 1556 513 1637 quaerit
526 1577 631 1630 nemo,
648 1556 702 1619 sed
716 1558 843 1638 oportet
855 1554 1011 1620 habere.”

122 1653 186 1718 hoc
199 1657 380 1717 monstrant
393 1654 518 1717 vetulae
531 1654 640 1736 pueris
654 1654 840 1734 repentibus
853 1673 949 1728 assae,

123 1751 186 1814 hoc
200 1751 330 1815 discunt
342 1771 452 1814 omnes
464 1754 539 1814 ante
553 1752 694 1832 alphaei
708 1751 782 1814 beta
795 1750 947 1833 puellae.'

123 1849 245 1912 talibus
258 1849 431 1911 instantem
445 1849 575 1912 monitis
590 1868 825 1930 quemcumque
838 1851 1004 1929 parentem
1162 1851 1225 1916 blo

124 1947 169 2010 sic
183 1967 307 2028 possem
321 1945 439 2008 adfari:
456 1946 538 2022 ‘dic,
555 1967 574 2009 o
588 1947 767 2020 vanissimo,
784 1945 856 2027 quis
870 1950 902 2008 te

123 2045 276 2108 festinare
290 2043 403 2106 iubet?
444 2044 606 2107 meliorem
620 2049 746 2128 praesto
760 2044 913 2125 magistro

124 2141 332 2224 discipulum.
376 2161 504 2204 securus
517 2141 584 2205 ubi:
606 2142 743 2205 duceris
757 2145 795 2204 ut
809 2141 892 2204 Aiax

124 2239 291 2323 praeteriit
305 2239 520 2314 Telamonem,
537 2244 575 2301 ut
590 2240 683 2302 Peles
695 2240 775 2303 vicit
788 2239 941 2303 Achilles.

123 2338 323 2420 parcendum
337 2341 385 2400 est
398 2337 527 2412 teneris,
543 2337 689 2400 nondum
705 2337 875 2418 implevere
888 2337 1045 2401 medullas
1165 2341 1225 2402 21⁶

124 2439 270 2498 maturae
284 2434 368 2497 mala
380 2435 552 2516 nequitiae.
596 2455 668 2498 cum
684 2439 810 2517 pectere
823 2435 953 2497 barbam

124 2532 265 2614 coeperit
278 2536 312 2595 et
324 2531 413 2614 longi
427 2552 613 2595 mucronem
627 2532 797 2595 admittere
811 2531 919 2606 cultri,

123 2631 226 2694 falsus
239 2629 301 2694 erit
314 2629 415 2706 testis,
431 2619 548 2693 vendet
561 2629 702 2712 periuria
716 2650 841 2693 summa

123 2728 242 2810 exigua
255 2731 289 2790 et
303 2727 427 2791 Cereris
440 2730 576 2809 tangens
590 2748 741 2809 aramque
754 2729 945 2810 pedemque.

122 2827 242 2888 elatam
256 2825 320 2888 iam
334 2825 426 2888 crede
439 2845 570 2900 nurum,
588 2825 613 2887 si
628 2825 742 2888 limina
755 2828 859 2888 vestra
1166 2829 1227 2888 220

123 2922 292 2986 mortifera
305 2943 379 2986 cum
394 2923 467 2985 dote
481 2922 577 2985 subit.
622 2923 740 3003 quibus
753 2923 809 2985 illa
822 2927 988 3003 premetur

122 3041 183 3104 per
196 3039 343 3083 somnum
359 3018 477 3102 digitis.
522 3040 597 3082 nam
612 3040 692 3101 quae
706 3024 854 3101 terraque
868 3019 1012 3102 marique

122 3117 325 3200 adquirenda
337 3121 442 3200 putas,
458 3116 583 3180 brevior
596 3117 647 3181 via
661 3119 805 3181 conferet
818 3117 882 3195 illi;

122 3216 237 3280 nullus
251 3215 337 3279 enim
351 3214 460 3296 magni
474 3215 598 3277 sceleris
611 3215 710 3280 labor.
758 3216 780 3246 “
791 3215 869 3278 bueo
882 3235 941 3297 ego
955 3232 1131 3294 numquam

123 3313 275 3376 mandavi
286 3312 309 3342 ’⁹
325 3311 410 3374 dices
424 3311 500 3374 olim
515 3311 539 3342 “
549 3332 608 3374 nec
628 3312 705 3374 talia
719 3312 843 3375 suasi.’'
1166 3313 1226 3374 225

124 3409 245 3473 mentis
259 3430 352 3472 eausa
366 3409 467 3472 malae
481 3412 588 3472 tamen
602 3412 649 3472 est
662 3416 696 3472 et
709 3410 799 3490 origo
811 3429 909 3492 penes
922 3414 966 3472 te.

125 3529 202 3571 nam
217 3505 362 3588 quisquis
375 3506 485 3589 magni
498 3527 611 3569 census
624 3507 788 3589 praecepit
801 3525 951 3580 amorem,

127 3609 160 3668 et
172 3606 262 3669 laevo
275 3604 402 3668 monitu
416 3625 531 3686 pueros
543 3605 693 3686 producit
708 3625 827 3680 avaros,

127 3707 160 3766 ot
174 3701 230 3784 qui
244 3722 302 3785 per
315 3703 445 3766 fraudes
457 3701 650 3784 patrimonia
664 3699 894 3783 conduplicari,

129 3800 187 3864 dat.
197 3799 377 3864 libertatem
392 3802 424 3864 et
438 3803 521 3863 totas
534 3799 674 3864 effundit
688 3799 827 3862 habenas
