2909 4284
708 17 732 66 p.

251 339 308 390 102
612 338 645 386 D.
670 335 767 388 mm
788 333 980 385 mmm

253 491 293 546 ut
305 481 403 568 spedo
416 481 563 550 rineebet
577 482 737 568 capitolia
748 483 858 548 nestra
870 479 1009 546 Poeides'.

252 581 333 644 dum
346 580 392 645 sie
405 600 480 664 ergo
493 581 618 647 habitet
632 580 813 655 Cretonius,
829 577 986 644 inminuit
998 595 1077 653 rem,

252 677 351 760 tregit
364 698 450 762 opes,
466 698 525 744 nee
537 699 635 764 perra
648 683 757 744 temen
771 697 921 742 mensura
933 674 1060 740 relictae

252 776 353 858 pertis
365 781 444 840 erat.
488 779 588 842 tutem
602 777 685 840 hene
699 775 842 840 turbavit
855 775 941 838 iilius
953 790 1073 847 amens,

252 873 332 936 dum
346 873 476 938 meliore
489 893 586 938 noras
598 874 891 938 attollitmarmore
903 870 1003 934 vilius.
1312 864 1351 924 96

293 970 426 1052 quidam
439 971 544 1034 sortiti
558 975 756 1034 metuentem
769 969 898 1033 sabbate
910 970 1035 1050 petrem

254 1061 302 1126 nil
317 1065 447 1146 praeter
459 1063 562 1128 nubes
576 1068 610 1129 et
624 1064 704 1129 caeli
718 1083 843 1128 numen
856 1065 1004 1140 ederent,

255 1179 314 1225 nee
327 1161 445 1226 distare
458 1165 577 1245 putant
589 1163 732 1226 humana
744 1181 840 1226 earne
853 1161 982 1225 suillum

256 1277 319 1338 qna
332 1262 423 1343 pater
436 1258 602 1334 abstinuit,
618 1279 693 1324 rnox
707 1263 741 1324 et
753 1257 923 1343 praeputia
934 1257 1077 1339 ponunt3

255 1355 413 1420 Romanas
425 1359 534 1420 autern
547 1357 632 1421 soliti
646 1361 850 1422 contemnere
862 1355 948 1437 leges
1298 1345 1355 1408 1⁰⁰

254 1451 424 1517 Iudaicum
437 1454 584 1518 edieeum
597 1457 631 1518 et
643 1458 771 1518 serrant
789 1473 828 1518 ee
840 1449 1069 1524 metuentius,

255 1549 389 1614 tradidit
402 1571 517 1616 moene
530 1551 755 1634 quodcumque
768 1549 932 1614 volumine
946 1547 1083 1628 Moyses,

254 1666 320 1710 non
335 1651 511 1712 monstrem
524 1648 591 1711 ries
602 1649 712 1712 eedem
726 1647 789 1710 nisi
803 1666 892 1710 saera
904 1643 1035 1718 nolenti,

255 1743 436 1824 quaesitum
449 1745 490 1808 ed
503 1743 627 1809 iontem
640 1745 722 1808 solos
735 1744 892 1808 dedueere
905 1760 1029 1824 rerpos.

254 1841 310 1903 sed
323 1844 414 1924 peter
426 1841 462 1906 in
475 1862 580 1918 neusa,
595 1841 649 1906 eui
662 1841 799 1924 septime
812 1859 958 1923 quaeque
970 1837 1038 1901 init
1051 1835 1109 1898 lux

255 1935 370 2018 igneve
382 1942 416 2002 et
428 1943 551 2022 purtem
565 1939 649 2002 ritee
662 1958 728 2002 non
742 1937 853 2020 attigit
865 1938 978 2000 ullam.

295 2039 408 2116 sponte
421 2039 529 2100 temen
542 2036 671 2100 iuvenes
684 2035 856 2099 imitentur
868 2037 985 2109 uetera,
1000 2031 1100 2095 solam

255 2129 350 2194 inviti
364 2151 490 2214 quoque
503 2132 667 2196 avaritiam
679 2152 825 2196 exereere
837 2130 1001 2194 iubentur.

254 2228 341 2291 tellit
353 2228 439 2292 enim
453 2229 569 2292 vitium
583 2230 686 2312 speeie
699 2229 831 2292 virtutis
843 2231 877 2292 et
889 2227 1015 2301 umbre,

254 2343 329 2386 eum
342 2325 385 2387 sit
398 2324 489 2388 triete
504 2326 616 2389 babitu
629 2326 786 2409 vultuque
798 2328 834 2390 et
845 2328 933 2389 veste
946 2342 1104 2396 severum,

254 2439 314 2483 nee
327 2420 424 2484 dubie
436 2425 600 2504 tamquam
613 2423 701 2504 frugi
715 2423 865 2487 laudetur
878 2440 1004 2496 evenne,

254 2519 419 2597 tamqnam
431 2537 545 2599 parens
558 2519 653 2582 bomo
666 2523 699 2582 et
712 2539 820 2583 rernm
833 2519 938 2582 tutela
950 2537 1083 2580 suarum

254 2616 342 2676 certa
355 2613 455 2693 megin
469 2633 564 2695 quam
578 2614 605 2678 si
618 2616 764 2679 iortunes
777 2619 881 2679 servet
894 2615 1021 2677 eaedem

255 2708 471 2790 Hesperidum
484 2729 611 2792 serpens
624 2715 681 2774 aut
695 2707 858 2775 Ponticus.
901 2711 984 2774 udde
999 2711 1086 2791 quod
1099 2709 1203 2783 hune,
1219 2707 1261 2770 de

255 2822 319 2883 quo
332 2804 455 2884 loquor,
471 2808 633 2885 egregium
646 2808 784 2888 populus
796 2811 892 2890 putet
905 2806 1099 2889 adquirendi

254 2900 424 2976 artifieem3
445 2901 565 2983 quippe
577 2902 628 2966 his
641 2911 788 2967 creseunt
801 2904 997 2986 patrimonia
1008 2902 1122 2976 nem,

255 2996 309 3058 sed
324 3000 470 3059 creseunt
483 3016 683 3080 quocumque
696 3002 802 3075 modo,
818 3001 1003 3082 maioreque
1017 3000 1104 3086 finnt

255 3091 371 3154 ineude
384 3092 516 3154 adsidue
529 3113 713 3176 semperque
726 3098 859 3160 erdente
873 3097 1010 3161 cumino.

254 3189 288 3248 et
300 3194 393 3268 pater
404 3205 479 3267 ergo
492 3188 591 3251 enimi
605 3191 713 3254 ieliees
726 3193 829 3255 eredit
842 3213 967 3270 averos;

256 3281 311 3362 qui
325 3281 461 3344 miretur
474 3302 558 3364 opes,
574 3285 631 3365 qni
643 3288 733 3350 nulla
745 3289 892 3371 exempla
904 3289 991 3352 beuti

255 3376 404 3458 pauperis
416 3397 481 3440 esse
494 3382 599 3460 putet,
615 3379 743 3446 invenes
755 3383 905 3448 hortetur
918 3386 1028 3449 utilia

255 3473 301 3534 ire
315 3472 367 3535 via
378 3477 513 3555 pergant
526 3478 560 3537 et
572 3475 675 3538 eidem
688 3478 872 3544 incumbere
885 3486 1000 3545 sectae.

256 3571 333 3630 sunt
346 3569 499 3648 quaedem
513 3569 664 3634 vitiorum
677 3575 843 3652 elementa,
859 3577 911 3640 his
924 3579 1076 3660 protinus
1089 3578 1165 3644 illos

256 3663 364 3725 inbuit
376 3669 409 3726 et
422 3664 508 3744 cogit
521 3665 668 3730 minimas
681 3670 818 3735 ediscere
831 3675 953 3752 sordee3

256 3776 330 3821 mox
343 3758 532 3840 adquirendi
546 3762 637 3828 docet
649 3761 828 3832 insatiabile
841 3773 963 3834 retum.
