2909 4284
197 321 243 396 45
570 329 603 378 n.
627 327 724 377 rrum
745 323 939 376 manens

199 477 308 544 mollia
322 476 378 564 qui
392 482 484 562 rapta
497 479 598 546 secuit
611 479 764 562 genitalia
774 480 858 544 testa

199 576 412 660 iampridem,
429 577 481 641 eui
496 597 591 643 rauca
604 579 726 654 cohors,
743 576 797 641 oui
811 580 964 660 tympana
976 573 1108 650 munt,

198 674 321 757 plebeia
333 680 367 739 et
381 675 521 758 Phrygia
534 675 670 740 vestitur
682 677 783 739 bacca
798 674 887 738 tiara.

198 773 318 852 grando
333 775 425 836 sonat
439 773 603 856 metuique
618 773 707 837 iubet
721 771 908 855 septembris
920 773 955 834 et
966 766 1068 834 austri

198 870 384 944 adrentum,
400 869 462 934 nisi
476 891 509 936 ee
522 876 653 936 centum
666 870 851 935 lustraverit
864 871 932 933 ovis

198 971 231 1031 et
245 967 475 1050 xerampelinas
489 974 609 1033 veteres
622 969 789 1033 donaverit
803 967 874 1050 ipsi,

199 1070 238 1127 ut
251 1063 410 1147 quidquid
425 1065 522 1129 subiti
536 1071 569 1130 et
583 1066 693 1149 magni
707 1063 902 1130 discriminis
915 1063 1027 1141 instat,

199 1159 233 1222 in
250 1159 373 1225 tunicas
386 1166 449 1237 eat,
466 1166 500 1225 et
514 1167 619 1226 totum
634 1162 730 1226 semel
745 1162 853 1245 expiet
865 1179 1001 1224 annum.

198 1256 370 1322 hibernum
384 1259 487 1322 traete
501 1260 601 1342 glacie
616 1259 787 1324 descendet
800 1258 836 1321 in
849 1276 990 1333 amnem,

200 1359 249 1418 ter
262 1355 423 1419 matutino
437 1355 546 1420 Tiberi
560 1360 724 1440 mergetur
737 1361 771 1420 et
784 1355 861 1438 ipsis

199 1453 371 1518 verticibus
384 1453 536 1517 timidum
550 1458 648 1537 eaput
661 1455 781 1530 abluet,
797 1453 874 1517 inde
887 1447 1016 1535 superbi

201 1552 305 1613 totum
320 1549 402 1632 regis
415 1570 528 1632 agrum
543 1550 631 1614 nuda
644 1571 681 1614 aa
694 1551 900 1615 tremibunda
912 1546 1057 1613 cruentis

199 1651 307 1730 erepet
320 1647 468 1729 genibus3
489 1646 516 1712 si
531 1647 667 1711 candida
680 1647 808 1712 iusserit
821 1646 868 1732 1⁰2

200 1741 261 1807 ibit
273 1744 314 1808 sd
329 1743 468 1826 Aegypti
482 1745 579 1808 finem
593 1744 760 1826 calidaque
772 1743 890 1826 petitae

199 1860 219 1904 a
233 1841 341 1904 Meros
353 1841 495 1924 portabit
507 1861 616 1924 eques,
632 1844 672 1905 ut
685 1844 816 1924 sparget
829 1841 865 1905 in
878 1840 957 1905 aede

200 1936 305 2013 Isidis,
321 1936 454 2021 antiquo
469 1958 549 2020 quae
561 1937 708 2020 proxima
721 1938 826 2020 surgit
839 1937 926 2002 erili.

200 2033 401 2097 creditenim
416 2033 812 2117 ipsiuedominaeeevooe
826 2033 966 2098 moneri:
1249 2033 1313 2094 teo

199 2149 240 2193 en
254 2130 394 2193 animam
408 2134 442 2195 et
455 2135 595 2196 mentem
608 2151 683 2195 eum
697 2131 809 2214 quadi
822 2136 917 2195 nocte
930 2132 1117 2214 loquantur.

199 2244 275 2307 ergo
288 2226 342 2289 hio
355 2227 563 2310 praecipuum
578 2247 803 2310 summumque
817 2233 961 2292 meretur
973 2227 1142 2302 honorem,

200 2321 257 2403 qui
271 2340 366 2404 grege
379 2322 515 2404 linigero
528 2323 744 2388 circumdatus
758 2329 791 2388 et
804 2344 899 2406 grege
913 2323 1003 2388 calvo

200 2419 384 2502 plangentis
396 2419 508 2501 populi
522 2420 624 2483 currit
636 2420 758 2486 derisor
770 2421 906 2486 Anubis.

200 2515 255 2577 ille
268 2514 352 2596 petit
365 2515 501 2591 veniam,
518 2517 664 2599 quotiens
677 2538 744 2581 non
758 2519 897 2582 abstinet
909 2537 993 2582 uxor
1251 2518 1314 2580 ddi

200 2611 375 2674 concubitu
388 2612 484 2675 eeoris
497 2613 763 2696 observandisque
777 2615 891 2678 diebus

200 2725 379 2788 magnaque
393 2707 527 2772 debetur
539 2710 658 2774 violato
671 2731 774 2794 poena
787 2712 925 2776 cadurco

200 2807 234 2866 et
247 2803 380 2867 movisse
393 2812 492 2886 caput
504 2806 571 2869 risu
584 2811 631 2870 est
644 2813 795 2888 argentea
808 2828 951 2891 serpens3

200 2898 288 2961 illius
300 2899 448 2964 lacrimae
462 2902 678 2985 meditataque
692 2924 858 2969 murmure
871 2908 1035 2989 praestant

201 2997 240 3056 ut
254 2995 378 3058 veniam
392 2997 504 3078 culpae
520 3018 583 3062 non
598 3001 729 3077 abnuat,
745 3022 854 3066 ansere
867 3020 985 3084 magno
1254 3005 1316 3067 540

201 3091 323 3154 scilicet
337 3096 370 3155 et
384 3094 474 3156 tenui
488 3114 614 3177 popano
628 3104 807 3179 corruptus,
826 3101 937 3163 Osiris.
1132 3170 1134 3173 ,

202 3207 277 3251 eum
290 3187 381 3250 dedit
394 3189 448 3253 ille
461 3190 580 3267 locum,
596 3193 734 3275 cophino
748 3196 904 3278 faenoque
918 3197 1031 3262 relicto

201 3302 349 3348 arcanam
363 3285 481 3350 Iudaea
495 3291 633 3351 tremens
646 3292 807 3355 mendicat
821 3291 856 3356 in
869 3314 990 3369 aurem,

202 3381 359 3461 interpres
374 3381 480 3460 legum
495 3381 694 3462 Solymarum
708 3390 741 3448 et
755 3407 871 3469 megna
884 3391 1029 3452 sacerdos

202 3475 321 3539 arboris
335 3495 371 3538 ac
385 3476 502 3538 summi
517 3478 581 3540 fida
595 3476 795 3545 internuntia
809 3483 899 3547 caeli.
1032 3521 1035 3524 ·
1255 3493 1316 3555 645

202 3570 316 3652 implet
329 3573 362 3632 et
375 3570 432 3633 ille
444 3591 588 3648 manum,
604 3576 658 3637 sed
672 3577 813 3658 parcius3
835 3600 905 3644 aero
919 3582 1048 3646 minuto

203 3666 446 3748 qualiacumque
460 3667 545 3731 voles
559 3668 669 3734 Iudaei
683 3675 806 3738 somnia
820 3679 976 3742 vendunt.

203 3762 338 3841 spondet
351 3766 526 3826 amatorem
542 3767 686 3830 tenerum
702 3771 750 3832 vel
764 3771 875 3836 divitis
888 3775 957 3839 orbi
