2909 4284
598 349 732 399 ΒΔΠΒΔ
754 351 793 398 1v

138 502 277 568 erimine
291 521 429 587 persona
442 503 491 566 est
504 500 520 566 l
558 501 698 565 mallum
712 521 770 566 ser
783 500 916 566 milibus
929 499 1021 578 emit,

139 607 338 684 aequantem
352 621 428 664 sano
439 599 571 682 paribus
585 598 737 662 sestertia
750 597 854 675 libris,

140 705 180 761 ut
193 699 370 781 perhibent
384 698 440 780 qui
456 697 496 760 de
511 695 637 778 magnis
652 695 776 760 maiora
789 695 981 779 loquuntur.

140 796 315 860 consilium
329 795 428 858 laudo
442 792 587 870 artifiois,
603 793 630 856 si
645 813 780 856 munere
793 799 889 858 tanto

139 892 350 976 praecipuam
365 891 399 954 iu
414 889 535 954 tabulis
550 909 658 953 eoram
673 890 759 953 senis
773 891 912 954 abstulit
925 889 1017 968 orbi3

140 995 192 1054 est
206 989 290 1052 ratio
305 989 452 1063 ulterior,
465 1006 601 1068 magnae
615 986 642 1050 si
659 987 749 1050 misit
763 988 896 1063 sanioso,

140 1107 224 1169 quae
239 1086 370 1149 vehitur
384 1085 474 1148 eluso
487 1084 562 1147 latis
577 1083 798 1166 specularibus
812 1090 917 1150 antro.

140 1185 191 1246 nil
204 1183 270 1246 tale
285 1187 453 1266 expectes:
472 1181 552 1244 emit
566 1180 638 1244 sibi.
683 1181 789 1244 multa
803 1181 950 1248 videmus

141 1301 226 1363 quae
241 1280 337 1343 miser
352 1284 384 1343 et
398 1279 488 1361 lrugi
503 1297 568 1342 non
582 1277 664 1342 feeit
678 1277 827 1361 Apinius.
870 1279 933 1343 hoe
944 1283 986 1344 tu

142 1377 329 1441 succinctus
343 1377 449 1458 patria
463 1375 640 1459 quondam,
658 1374 818 1457 Crispino,
834 1395 957 1458 papyro
970 1375 987 1440 l'

141 1474 205 1538 hoo
220 1473 326 1558 pretio
340 1493 490 1556 squamae
506 1472 521 1538 Ρ
560 1473 672 1556 potuit
685 1473 824 1536 fortasse
837 1471 973 1536 minoris

141 1572 286 1655 piscator
300 1591 397 1653 quam
411 1569 508 1652 piseis
523 1569 608 1649 emi;
622 1569 792 1652 provinoia
805 1568 891 1632 tanti

142 1668 260 1733 vendit
273 1687 377 1750 agros,
394 1668 452 1731 sed
465 1666 602 1732 maiores
616 1667 739 1750 Apulia
752 1667 875 1730 vendit.

143 1766 250 1849 qualis
263 1768 344 1828 tune
358 1765 470 1847 epulas
483 1764 592 1847 ipsum
605 1764 758 1847 gluttisse
771 1767 927 1846 putamus

142 1863 419 1945 induperatorem,
433 1882 509 1926 eum
522 1865 574 1926 tot
587 1861 747 1938 sestertia,
763 1865 890 1945 partem

142 1960 295 2043 exiguam
308 1965 343 2023 et
356 1961 501 2024 modieae
515 1963 680 2042 sumptam
694 1960 736 2022 de
748 1959 895 2041 margine
908 1976 1018 2036 aenae,

141 2077 328 2142 purpureus
342 2058 453 2141 magni
467 2057 606 2121 ruetarit
620 2076 733 2121 seurra
746 2056 864 2132 Palati,

142 2157 211 2218 iam
225 2154 376 2238 princeps
391 2155 551 2237 equitum,
567 2173 684 2235 magna
698 2153 756 2236 qui
770 2172 849 2217 roeo
863 2153 988 2217 solebat

142 2252 286 2317 vendere
299 2251 481 2332 municipes
491 2251 601 2318 ⁴iraota
616 2250 656 2312 de
670 2267 778 2312 meree
792 2249 937 2312 siluros?

142 2344 265 2430 ineipe,
282 2347 448 2432 Calliop03
467 2348 546 2413 lieet
561 2351 594 2414 et
608 2350 785 2416 considere.
829 2371 896 2416 non
909 2355 961 2416 est
984 2360 986 2363 ’

143 2441 356 2516 cantandum,
372 2459 423 2504 res
436 2461 512 2506 vera
524 2443 656 2525 agitur:
675 2449 818 2522 narrate,
833 2446 962 2528 puellae

142 2534 297 2600 Pierides
342 2537 446 2619 prosit
458 2537 540 2603 mihi
552 2559 610 2603 vos
624 2541 742 2604 dixisse
756 2542 888 2624 puellas

117 2673 119 2678 ,
184 2653 261 2697 oum
273 2633 339 2698 iam
352 2634 578 2700 semianimum
591 2637 748 2701 laceraret
762 2639 894 2702 Flavius
907 2639 1019 2706 orbem
1084 2658 1089 2668 ·

140 2730 281 2794 ultimus
295 2732 433 2795 et-ealvo
447 2733 581 2797 serviret
595 2735 697 2798 Roma
711 2735 846 2810 Neroni,

139 2827 261 2891 inuidit
275 2828 406 2892 Adriaei
421 2830 563 2912 spatium
576 2832 765 2896 admirabile
779 2833 908 2898 rhombi

139 2929 219 2988 ante
234 2924 368 2989 domum
382 2926 530 3003 Veneris,
547 2948 645 3011 quam
660 2929 781 2994 Dorion
794 2931 936 2995 sustinet
950 2933 1079 3013 Aneon,

138 3022 354 3105 implevitque
369 3022 480 3103 sinus3
500 3043 561 3088 nee
576 3025 664 3089 enim
678 3026 785 3090 minor
799 3027 946 3091 haeserat
959 3029 1025 3094 illis

139 3140 223 3202 quos
237 3119 343 3202 operit
356 3119 476 3202 glaeies
489 3119 650 3186 Maeotica
664 3128 826 3206 ruptaque
840 3124 974 3190 tandem

139 3215 263 3280 solibus
278 3217 420 3280 effundit
433 3219 587 3282 torrentis
602 3218 645 3283 ad
659 3221 743 3284 ostia
756 3220 856 3285 Ponti

137 3313 265 3377 desidia
278 3315 388 3379 tardos
402 3323 436 3378 et
448 3315 547 3399 longo
561 3316 682 3399 frigore
696 3318 844 3400 pingues.

138 3411 285 3474 destinat
298 3411 361 3475 hoo
374 3415 558 3477 monstrum
571 3414 706 3477 sambae
719 3414 844 3497 linique
857 3416 1014 3499 magister
1134 3438 1138 3442 “

136 3507 288 3592 pontifici
303 3528 440 3574 summo.
485 3510 557 3592 quis
571 3509 659 3574 enim
672 3531 853 3594 proponere
866 3513 966 3581 talem

136 3609 199 3670 aut
213 3625 318 3669 emere
332 3607 478 3684 auderet,
494 3627 570 3671 eum
583 3608 681 3690 plena
694 3611 728 3672 et
743 3609 840 3673 litora
852 3609 960 3676 multo

136 3703 284 3766 delatore
297 3702 436 3768 forent?
475 3704 611 3788 dispersi
625 3706 775 3788 protinus
788 3706 881 3789 algae

135 3799 349 3883 inquisitores
359 3805 497 3884 ‘agerent
511 3823 586 3867 eum
600 3802 721 3886 remige
735 3805 825 3869 nudo
1070 3828 1117 3846 ⁴·-
1136 3828 1140 3835 ·
