2909 4284
226 326 270 396 86
594 338 627 390 u.
651 338 750 390 rvsn
771 337 964 408 mnums

225 492 313 560 idem
325 491 455 558 habitus
467 490 603 570 cunctis,
620 489 704 557 tonsi
718 489 863 574 rectique
876 489 986 575 capilli

224 595 322 674 atque
334 590 430 656 hodie
442 593 571 654 aarum
585 593 716 674 propter
729 588 875 654 convivia
887 589 975 673 pexi.

224 687 360 772 pastoris
373 686 448 752 duri
462 687 516 751 hio
529 692 578 752 est
591 687 688 764 filius,
705 685 760 750 ille
774 687 918 752 bubulci.

223 786 363 870 suspirat
375 785 471 866 longo
484 804 551 849 non
564 783 664 850 vim
677 787 822 869 temporo
835 790 983 861 matrem,

222 889 258 949 et
270 884 410 949 casulem
423 887 457 949 et
469 887 562 948 notos
574 883 676 948 tristis
690 883 849 948 desiderat
862 883 992 961 haedos,

222 981 356 1066 ingenui
370 981 480 1046 vultus
493 1001 574 1065 puer
587 981 787 1065 ingenuique
799 980 942 1067 pudoris,

223 1081 332 1163 quales
343 1101 409 1145 esse
422 1081 513 1144 decet
526 1100 606 1162 quos
618 1081 735 1144 ardens
746 1099 892 1164 purpura
903 1077 1012 1156 vestit,

221 1197 280 1244 nec
293 1179 467 1262 pupillares
480 1179 585 1242 detert
598 1177 634 1241 in
646 1177 761 1242 balnea
773 1196 889 1244 rancus

221 1276 395 1352 testiculos,
410 1296 470 1341 nec
483 1275 645 1342 vellendas
658 1275 722 1340 iam
737 1274 886 1358 praebuit
898 1274 975 1352 alra,

220 1392 323 1437 emesa
336 1393 395 1438 nec
408 1373 554 1456 opposito
566 1372 702 1457 pavidus
716 1371 798 1454 tegit
811 1371 947 1452 inguina
959 1374 1051 1454 gnte.

220 1469 274 1535 hio
287 1471 348 1535 tibi
361 1470 438 1535 vine
450 1470 541 1535 dabit
553 1471 671 1535 diffusa
684 1471 721 1533 in
733 1471 898 1535 montibus
910 1469 976 1534 illis

219 1587 239 1631 a
252 1567 369 1650 quibus
382 1567 450 1651 ipse
464 1567 564 1646 venit,
581 1587 719 1650 quorum
732 1568 793 1632 sub
806 1567 924 1633 vortice
935 1565 1031 1645 lusit;

219 1683 359 1748 nemque
373 1685 440 1729 una
451 1670 550 1747 atque
563 1667 673 1730 endem
686 1669 735 1729 est
748 1664 816 1730 vini
829 1663 934 1748 putria
946 1668 1045 1746 atque
1058 1661 1211 1728 ministri.

218 1762 355 1826 forsitan
367 1767 513 1846 expectes
526 1767 564 1826 ut
579 1762 739 1826 Gaditana
751 1782 868 1826 canoro

218 1859 378 1942 incipiant
390 1859 516 1943 prurire
529 1860 637 1937 choro,
652 1859 834 1942 plausuque
846 1859 998 1942 probetne

218 1953 259 2016 ad
273 1956 392 2017 terram
407 1954 546 2018 tremulo
557 1954 753 2018 descendant
765 1953 861 2016 clune
873 1953 1009 2036 pucllse.
1135 1982 1140 1987 ·

217 2054 364 2133 spectant
376 2051 437 2116 hoc
450 2054 572 2134 nuptae
585 2049 677 2116 iuxta
690 2051 864 2115 recubante
876 2049 1004 2126 marito,

218 2149 305 2231 quod
318 2149 441 2230 pudeat
453 2169 582 2212 narrare
594 2148 735 2230 sliqnem
751 2147 972 2231 praesentibus
984 2144 1073 2230 ipsis,

217 2244 463 2310 inritamentum
477 2245 600 2310 veneris
611 2245 795 2328 languentia
807 2249 842 2310 et
854 2265 942 2310 aeres

216 2341 328 2406 divitis
340 2343 470 2420 urticae,
487 2341 588 2406 maior
601 2348 709 2407 tamen
723 2343 786 2407 ista
798 2343 946 2425 voluptas

215 2439 347 2503 ulterius
360 2460 466 2518 sexus3
487 2439 589 2523 magis
602 2440 657 2504 ille
670 2440 867 2517 extenditur,
882 2442 917 2505 et
929 2459 1006 2504 mox

216 2535 347 2600 auribus
359 2539 455 2619 atque
468 2535 568 2600 oculis
581 2541 735 2619 concepte
747 2536 842 2600 urina
854 2540 1010 2600 movetur.

215 2652 284 2697 non
296 2632 383 2716 capit
395 2633 452 2696 has
466 2652 568 2715 nugas
580 2633 714 2697 humilis
727 2633 851 2697 domus.
894 2633 1007 2697 audiat
1019 2633 1074 2698 ille

216 2733 371 2794 testarum
384 2728 524 2812 crepitus
537 2751 612 2795 cum
626 2730 740 2807 verbis,
755 2731 881 2794 nudum
895 2731 981 2795 olido
994 2734 1082 2795 stans

215 2825 337 2892 tornice
351 2826 548 2909 mancipium
562 2828 678 2910 quibus
691 2828 841 2905 abstinet,
857 2828 912 2892 ille
924 2830 1055 2893 truatur

215 2924 344 2989 vocibus
357 2923 520 2988 obscaenis
532 2925 684 3007 omnique
696 2925 841 2989 libidinis
853 2929 935 3002 erte,

216 3019 272 3105 qui
286 3020 573 3086 lacedaemonium
586 3021 757 3105 pytismate
770 3022 909 3089 lubricat
922 3023 1030 3087 orbem
1035 3044 1046 3102 ;
1167 3106 1169 3109 Ι

214 3137 353 3200 namque
367 3117 412 3181 ibi
425 3117 576 3181 tortunae
591 3118 717 3182 veniam
731 3120 853 3184 damus
897 3118 966 3185 alea
979 3119 1084 3202 turpis

214 3219 310 3298 turpe
322 3219 357 3279 ct
369 3213 564 3279 adulterium
577 3215 805 3280 mediocribus:
826 3217 905 3281 haec
917 3218 1028 3281 eadem
1040 3215 1091 3280 illi

215 3311 323 3375 omnia
336 3332 411 3375 cum
425 3311 557 3387 ineunt,
573 3311 689 3376 hilares
702 3312 864 3397 nitidique
877 3311 1042 3379 vocantur.

215 3413 324 3473 nostra
336 3410 461 3472 debunt
473 3408 551 3474 alios
565 3409 660 3473 hodie
674 3412 820 3476 convivia
832 3412 936 3490 ludos,

214 3506 362 3571 conditor
375 3505 493 3570 Iliados
506 3506 688 3570 cantabitur
700 3511 797 3590 atque
812 3507 954 3572 Maronis

215 3603 343 3668 altisoni
356 3603 489 3667 dubiam
501 3603 655 3668 facientia
667 3604 810 3668 carmina
821 3606 972 3688 palmam.

217 3701 295 3782 quid
308 3701 419 3777 refert,
436 3702 515 3765 tales
528 3720 637 3764 versus
651 3721 715 3783 qua
728 3721 803 3766 voce
816 3702 990 3783 legantur?

256 3797 310 3861 sed
325 3816 413 3861 nuno
426 3797 535 3862 diletis
548 3802 653 3862 averte
666 3798 795 3879 negotia
807 3799 892 3866 curis
