2909 4284
246 358 290 438 84
611 369 644 418 D.
669 369 767 419 1vu11
787 368 978 417 lvvmms

239 519 308 604 ipse
321 519 402 585 Iocis
415 519 563 586 breuibus
577 519 715 604 ponebat
728 518 906 594 holuscula,
922 539 1004 602 quse
1017 537 1106 584 nune

240 618 405 702 squalidus
418 617 453 682 in
468 637 583 700 magna
596 617 723 681 fastidit
737 619 890 699 compede
903 619 1015 693 fossor,

241 717 297 800 qui
311 716 460 781 meminit
473 717 594 780 calidae
607 715 709 798 sapiat
723 715 803 797 qnid
817 717 913 780 vulsa
926 715 1071 799 popinas

239 815 314 878 sicci
328 818 418 898 terga
431 815 497 879 suis
510 835 580 879 rare
593 815 770 896 pendentis
782 818 869 878 erute

239 913 336 977 moris
349 916 418 977 erat
431 914 592 996 quondam
607 913 697 977 testis
710 931 833 977 servare
846 911 969 987 diebus,

239 1013 273 1073 et
286 1010 473 1094 natalicium
487 1011 632 1094 cognatis
645 1030 762 1093 ponera
775 1011 904 1072 lardum

238 1109 406 1172 accedente
419 1128 511 1184 nora,
528 1109 554 1172 si
569 1129 666 1192 quarn
679 1109 777 1171 dabat
790 1106 904 1182 hostia,
920 1126 1026 1172 carna

238 1209 448 1286 cognatorum
461 1207 576 1289 uliquis
591 1206 687 1269 titulo
701 1209 752 1268 ter
765 1205 904 1269 consulis
917 1208 1015 1286 atque

238 1307 414 1367 castrorum
429 1303 569 1386 imperiis
582 1308 616 1367 et
629 1303 795 1366 dictatoris
807 1302 928 1366 honore

237 1401 372 1465 iunctus
384 1401 425 1464 ad
439 1401 497 1464 has
510 1402 620 1482 epulas
633 1401 726 1464 solito
739 1400 900 1463 maturius
913 1399 981 1463 ibat

237 1503 379 1561 erectum
393 1499 515 1562 domito
530 1499 667 1562 reterens
680 1519 700 1562 a
714 1501 823 1562 monte
836 1498 988 1580 ligonem.

238 1614 313 1658 oum
328 1598 500 1660 tremerent
513 1600 621 1660 autem
635 1596 751 1659 Fabios
764 1597 947 1677 durumque
962 1595 1118 1660 (latonam

238 1696 271 1758 et
285 1691 418 1756 Scauros
431 1697 465 1757 et
478 1692 672 1768 Fabricium,
688 1697 848 1774 postremo
861 1712 984 1756 severos

237 1791 375 1854 censoris
388 1810 491 1855 mores
504 1790 601 1855 etiam
615 1791 736 1873 college
750 1791 888 1866 timeret,

237 1907 332 1951 nemo
345 1888 432 1952 inter
445 1909 537 1952 curas
549 1893 583 1952 et
596 1887 676 1952 seris
689 1888 785 1952 duxit
797 1887 977 1952 habendam

238 1985 342 2067 qualis
354 1985 389 2048 in
405 1985 530 2050 Ooeuno
543 1986 646 2049 fluctu
659 1987 788 2050 testudo
802 1988 938 2061 nataret,

238 2085 360 2146 olerum
375 2082 566 2166 Troiugenis
578 2084 705 2147 Iactura
718 2088 753 2146 et
766 2083 872 2147 nobile
885 2083 1041 2160 fulcrum,

238 2181 292 2243 sed
307 2181 395 2244 nudo
408 2179 507 2244 latere
521 2185 554 2245 et
567 2180 672 2263 parvis
685 2181 776 2244 trous
789 2200 879 2244 aerea
892 2179 984 2244 lectis

237 2278 300 2342 vile
313 2279 454 2342 coronati
469 2282 567 2362 caput
579 2279 766 2342 ostendebat
778 2277 878 2353 aselli,

237 2376 278 2439 ed
293 2377 379 2458 quod
392 2376 501 2440 lascivi
515 2377 669 2440 ludebant
683 2376 768 2439 ruris
781 2375 915 2440 alumni.

237 2473 317 2538 tales
330 2492 404 2555 ergo
418 2473 493 2549 eibi,
510 2474 613 2556 qualis
626 2474 741 2537 domus
754 2478 850 2557 etque
864 2473 1016 2556 supellex.

236 2573 317 2634 tunc
330 2571 420 2635 rudis
433 2575 466 2634 st
481 2571 591 2635 Graias
604 2571 712 2634 mirari
728 2571 852 2634 nescius
864 2576 950 2635 artes
1014 2570 1017 2574 '

237 2668 371 2732 urbibus
384 2668 499 2732 eversis
512 2669 702 2750 praedarum
715 2668 751 2730 in
765 2671 855 2750 parte
869 2670 994 2750 reperta

237 2785 427 2847 magnorum
441 2765 601 2830 artificum
615 2765 785 2847 frangebat
797 2766 913 2846 pocula
926 2765 1029 2844 miles,

237 2866 276 2925 ut
289 2863 427 2944 phaleris
440 2863 594 2945 gauderet
607 2882 682 2926 eous
695 2863 877 2944 caelataque
891 2862 985 2927 cussis

237 2959 408 3024 Romuleae
422 2960 590 3023 simulacre
603 2961 689 3024 teras
702 2979 919 3024 mansuescere
932 2961 1035 3026 iussae

236 3057 363 3141 imperii
376 3058 456 3132 leto,
472 3057 615 3138 geminos
628 3057 688 3120 sub
701 3077 782 3140 rupe
796 3056 958 3135 Quirinos,

236 3177 273 3219 ao
286 3156 409 3218 nudem
422 3155 559 3236 effigiem
573 3137 675 3237 clipeo
688 3154 847 3218 venientis
860 3159 893 3218 et
905 3156 999 3220 hasta

236 3251 470 3336 pendentisque
484 3251 536 3315 dei
550 3252 693 3334 perituro
707 3253 889 3316 ostenderet
901 3251 999 3316 hosti.

236 3349 398 3433 ponebant
411 3349 513 3430 igitur
527 3349 631 3412 Tusco
643 3350 765 3412 lanata
777 3349 898 3413 catino:

236 3445 362 3528 argenti
376 3446 463 3527 quod
477 3447 554 3520 erat,
570 3444 644 3508 solis
657 3445 803 3527 fulgebat
816 3445 852 3507 in
865 3445 970 3510 armis

237 3542 345 3607 omniu
358 3546 449 3617 tune,
462 3542 578 3624 quibus
592 3541 734 3604 invideas
747 3541 774 3604 si
788 3541 943 3606 lividulus
957 3542 1009 3608 sis.

237 3640 431 3721 templorum
445 3658 572 3720 quoque
586 3639 731 3702 maiestas
744 3640 950 3719 praesentior,
966 3645 1000 3705 et
1013 3661 1074 3705 uox

238 3739 331 3800 nocte
344 3736 412 3799 lere
426 3734 531 3798 media
544 3736 745 3816 mediamque
759 3737 871 3800 ondita
884 3757 942 3819 per
955 3739 1067 3803 urbem

237 3829 331 3895 litore
344 3830 384 3894 ab
399 3829 516 3894 Oceani
531 3831 631 3894 Gallis
645 3828 847 3902 venientibus
860 3833 956 3898 etdis
970 3912 972 3916 ι
