2909 4284
228 321 268 394 7-2
592 314 625 364 D.
650 315 748 364 lvnu
767 316 959 367 iuvamur

164 454 220 578 s
226 470 332 534 iamne
346 469 447 552 igitur
459 468 570 533 lautlaa
583 468 668 551 quod
682 468 723 531 do
736 468 932 551 sapientibus
943 468 1026 531 altar

227 567 361 642 ridebat,
378 565 525 650 quotiens
536 565 576 629 de
590 565 702 628 limine
714 569 858 629 moverat
870 585 973 628 uuum

226 665 466 748 protuleratque
479 663 605 746 pedem,
620 664 715 726 flebat
728 663 906 727 contrarius
918 667 1055 730 auctor?

227 761 282 826 sed
295 761 400 825 iacilia
412 761 515 826 cuivis
527 760 623 842 rigidi
637 780 770 824 censura
783 760 947 825 cachinni:

227 859 410 922 mirandum
424 861 474 922 est
487 858 575 922 unde
587 858 642 922 illo
656 859 758 922 oculis
770 859 934 922 suffecerit
946 879 1052 923 umor.

226 960 382 1040 perpetuo
394 956 460 1020 risu
474 957 660 1040 pulmonem
674 955 796 1038 agitare
807 956 926 1020 solebat

229 1054 441 1129 Democritus,
458 1074 651 1137 quamquam
664 1073 732 1116 non
745 1057 851 1118 essent
862 1054 997 1116 urbibus
1009 1053 1076 1117 illis

135 1203 137 1211 s
172 1154 409 1237 &praetextae
421 1152 547 1216 trabeae
559 1153 660 1214 fasces
673 1150 786 1215 lectica
798 1151 950 1215 tribuual.

228 1249 347 1332 quidsi
361 1249 490 1312 vidisset
503 1252 680 1330 praetorem
694 1248 839 1312 curribus
853 1249 927 1312 altis
980 1328 984 1334 ἱ

227 1349 390 1410 extantem
403 1348 437 1408 et
449 1343 547 1408 medii
560 1346 732 1409 sublimem
743 1346 874 1427 pulvere
886 1345 965 1408 circi

227 1442 264 1506 in
277 1443 388 1506 tunica
400 1443 486 1506 Iovis
497 1446 532 1505 et
543 1443 648 1526 pictae
664 1443 800 1506 Sarrana
811 1443 968 1508 terentem

228 1560 268 1604 ex
280 1539 401 1602 umeris
413 1541 525 1602 aulaea
535 1543 629 1622 togae
640 1559 839 1622 magnaeque
851 1559 984 1604 coronae

227 1641 357 1702 tantum
371 1637 491 1713 orbem,
507 1641 629 1719 quanto
641 1636 748 1699 cervix
761 1656 828 1699 uon
841 1637 960 1700 sufficit
972 1639 1065 1702 nlla?
1183 1678 1186 1682 -

229 1735 349 1817 quippe
361 1737 453 1797 tenet
464 1734 582 1796 sudans
594 1734 678 1797 hano
691 1733 850 1815 publicus,
866 1736 901 1795 et
914 1733 975 1796 sibi
987 1736 1098 1796 consul

228 1851 270 1895 ne
283 1833 418 1912 placeat,
432 1851 529 1894 curru
543 1851 651 1894 servus
663 1834 812 1913 portatur
824 1832 949 1894 eodem.

229 1925 271 1989 da
283 1944 373 1988 nunc
385 1929 419 1987 et
431 1924 604 1999 volucrem,
619 1929 745 2005 sceptro
757 1943 839 2005 quac
852 1923 957 2004 surgit
968 1923 1105 1997 eburno,

229 2022 321 2085 illine
332 2021 519 2096 cornicines,
532 2020 611 2084 hino
623 2021 846 2102 praecedentia
857 2021 947 2103 longi

229 2119 367 2201 agminis
379 2119 482 2181 officia
493 2121 527 2181 et
540 2119 649 2182 niveos
661 2119 703 2182 ad
715 2119 810 2180 irena
822 2118 973 2194 Quirites,

229 2217 354 2280 defossa
367 2217 403 2279 iu
415 2217 537 2280 loculos
549 2236 628 2298 quos
640 2216 783 2299 sportula
796 2214 876 2278 iecit
888 2217 1017 2280 amicos.

230 2319 311 2378 tuno
323 2334 450 2396 quoque
462 2314 627 2376 materiam
640 2313 722 2376 risus
736 2312 860 2376 invenit
873 2314 914 2376 ad
928 2315 1033 2377 omnis

229 2432 378 2474 marsus
391 2411 570 2485 hominum,
584 2409 678 2472 cuius
689 2410 862 2492 prudentia
875 2415 1033 2474 monstrat

230 2527 370 2572 summos
382 2528 472 2590 posse
484 2507 569 2571 uiros
582 2509 616 2569 et
628 2527 747 2587 magua
757 2507 903 2588 exempla
916 2507 1050 2570 daturos

230 2625 395 2669 vervecum
410 2605 445 2668 in
459 2605 563 2688 patria
575 2622 741 2685 crassoque
755 2604 816 2666 sub
827 2624 898 2666 aare
911 2604 1007 2667 nasci.

229 2701 354 2765 ridebat
366 2721 458 2762 curas
471 2721 530 2764 neo
541 2721 607 2763 non
620 2704 654 2762 ct
667 2701 786 2782 gaudia
797 2700 898 2780 vulgi,

147 2865 155 2882 s
229 2799 393 2862 interdum
407 2800 440 2858 ct
452 2797 608 2870 lacrimae,
624 2817 699 2860 cum
712 2797 875 2860 Fortunae
888 2797 956 2880 ipse
969 2798 1087 2862 minaci

229 2894 396 2958 mandaret
409 2893 558 2974 laqueum
571 2895 779 2975 mediumque
790 2895 972 2957 ostenderet
985 2914 1139 2975 unguem.

270 3011 346 3072 orgo
359 3008 552 3071 supervacua
565 2993 624 3052 aut
636 2989 814 3072 perniciosa
826 2994 995 3072 petuntur,

229 3091 362 3171 propter
375 3105 457 3167 quae
469 3085 518 3148 ias
531 3088 580 3148 est
591 3105 698 3166 genua
709 3085 851 3149 incerare
864 3087 1007 3150 deorum.

231 3185 385 3267 quosdam
398 3181 588 3264 praecipitat
601 3182 743 3246 subiecta
755 3183 900 3263 potentia
912 3203 1047 3264 magnae

230 3280 380 3354 invidiae,
396 3278 515 3359 mergit
526 3278 622 3358 leuga
635 3281 733 3359 atque
745 3279 881 3360 insignis
894 3279 1054 3343 honorum

230 3377 357 3462 pagina.
401 3376 599 3438 descendunt
612 3379 736 3438 statuae
749 3380 928 3458 restemque
941 3381 1131 3458 sequuntur,

231 3477 314 3557 ipsas
327 3474 442 3537 deinde
456 3476 540 3537 rotas
553 3473 701 3554 bigarum
714 3473 844 3552 inpacta
857 3473 976 3536 securis

231 3572 335 3636 caedit
348 3575 381 3633 et
394 3570 552 3632 inmeritis
565 3571 761 3650 franguntur
774 3589 868 3632 crura
881 3570 1019 3645 caballis,

231 3669 296 3731 iam
310 3667 447 3729 strident
461 3666 560 3747 ignes,
577 3665 641 3727 iam
655 3665 787 3726 follibus
800 3669 896 3745 atque
909 3667 1043 3730 caminia

232 3763 323 3828 ardet
336 3762 503 3824 moratum
517 3760 637 3842 populo
649 3764 746 3840 caput
759 3764 793 3821 ot
806 3764 915 3842 crepat
928 3762 1042 3843 iugens
