2909 4284
231 289 270 354 16
594 301 627 350 n.
653 299 750 350 rvsn
770 299 962 349 sursulus

233 483 284 528 ros
297 462 438 542 angusta
448 457 547 536 domi,
564 459 620 524 sed
636 459 756 524 Romae
770 458 882 523 durior
896 457 962 524 illis

233 563 390 622 conatus:
412 575 530 638 magno
545 553 723 638 hospitium
738 554 931 714 miqqrsbils,
947 574 1067 638 magno

233 675 399 722 servorum
412 663 552 728 ventres,
567 657 602 716 ct
616 651 705 734 frugi
720 672 804 716 oenu
817 671 837 716 a
850 667 979 734 magno.

234 753 389 818 fictilibus
402 770 518 816 cenare
534 751 647 833 pudet,
664 750 753 832 quod
769 755 865 832 turpo
879 750 1013 832 negabis

233 851 410 916 translatus
423 848 533 913 subito
546 847 588 910 ad
604 847 726 911 Marsos
741 867 950 931 mensamque
965 848 1125 913 Sabellam

234 952 472 1030 contentusque
487 946 555 1009 illio
571 946 698 1009 Veneto
714 946 862 1028 duroque
876 946 1015 1010 cucullo.
1277 947 1339 1010 lto

233 1066 307 1129 pars
321 1063 439 1126 magua
453 1042 568 1107 ltaliae
582 1047 643 1120 est,
657 1041 684 1105 si
699 1063 813 1106 verum
827 1042 1044 1118 admittimus,
1059 1041 1094 1106 in
1108 1059 1173 1125 qua

233 1163 329 1208 nemo
343 1147 454 1224 togam
468 1139 568 1204 sumit
582 1140 645 1203 nisi
660 1145 820 1204 mortuus.
865 1140 937 1223 ipsa
950 1140 1078 1204 dierum

233 1243 393 1304 festorum
406 1237 543 1301 herboso
557 1237 677 1300 colitur
690 1237 717 1300 si
730 1238 861 1320 quando
877 1237 1005 1302 theatro

234 1338 383 1401 maiestas
397 1334 594 1416 tandemque
609 1333 694 1397 redit
708 1333 752 1397 ud
765 1333 895 1418 pulpita
908 1338 1025 1398 notum

234 1435 398 1511 exodium,
413 1453 490 1498 cum
503 1450 658 1515 personae
672 1426 825 1515 pallentis
835 1432 964 1496 hiatum

234 1533 271 1596 in
284 1531 406 1614 gremio
420 1528 534 1593 matris
548 1528 705 1592 formidat
719 1528 862 1593 rusticus
875 1529 996 1606 infans,

235 1627 383 1712 aequales
397 1626 529 1691 habitus
543 1625 611 1688 illio
622 1625 807 1708 similesque
821 1624 946 1691 videbis

236 1725 434 1791 orchestram
447 1727 481 1786 et
494 1721 665 1804 populum,
682 1722 762 1785 clari
776 1723 922 1787 velamen
935 1722 1069 1788 honoria

235 1822 402 1888 sufficiunt
415 1819 546 1883 tunicae
560 1819 695 1882 summis
708 1819 868 1883 aedilibus
880 1820 980 1888 albae.

235 1919 290 1984 bic
304 1918 391 1982 ultra
404 1917 487 1982 vires
500 1915 633 1980 habitus
647 1916 747 1991 nitor,
764 1915 818 1979 hio
832 1917 957 2000 aliquid
968 1918 1044 2002 plns
1275 1919 1336 1982 180

236 2038 334 2102 quam
348 2016 425 2080 satis
439 2019 488 2080 est
502 2014 669 2079 interdum
682 2014 788 2078 aliens
801 2013 943 2077 sumitur
955 2033 1036 2078 arca

236 2133 406 2180 commune
420 2113 454 2176 id
468 2113 586 2178 vitium
600 2115 660 2188 est,
677 2112 732 2175 hio
746 2111 886 2174 vivimus
899 2112 1070 2177 ambitiosa

235 2215 426 2297 paupertate
441 2230 561 2274 omnes.
606 2210 686 2291 quid
700 2214 734 2272 te
748 2209 883 2272 moror?
903 2209 1011 2273 omnia
1025 2209 1145 2275 Romae

235 2329 312 2372 oum
325 2307 440 2391 pretio.
485 2307 564 2388 quid
579 2306 646 2380 das,
662 2311 701 2368 ut
716 2305 853 2368 Cossum
866 2305 1041 2388 aliqnando
1054 2304 1205 2372 salutes?

234 2401 486 2484 uttsrespioiat
500 2403 609 2464 clauso
622 2402 762 2465 Veiento
775 2402 923 2466 labello?
1276 2405 1336 2468 186

234 2497 291 2562 ille
302 2497 401 2562 metit
413 2495 558 2571 barbam,
573 2493 698 2557 crinem
710 2490 766 2554 hic
779 2489 916 2573 deponit
928 2486 1051 2567 amati3

235 2594 332 2675 plena
346 2591 462 2653 domus
475 2587 549 2650 libis
562 2585 752 2650 venalibust
772 2583 882 2665 accipe
896 2587 931 2646 et
943 2581 1034 2645 istud

235 2691 436 2754 fermentum
449 2684 510 2748 tibi
524 2683 616 2747 habe.
660 2685 823 2765 praestare
835 2680 962 2743 tributa
975 2679 1110 2742 clientes

236 2786 384 2868 cogimur
397 2787 430 2847 et
445 2780 542 2845 cultis
556 2797 675 2862 sugero
689 2778 819 2861 peculia
832 2776 942 2841 servis.

277 2882 350 2966 quis
364 2880 460 2944 timet
474 2882 532 2942 aut
546 2877 660 2940 timuit
674 2876 784 2958 gelida
798 2875 971 2938 Praeneste
985 2873 1116 2936 ruinam
1284 2875 1341 2934 190

236 2986 295 3045 aut
309 2977 424 3064 positis
437 2995 605 3039 nemorosa
620 2973 707 3037 inter
719 2971 798 3055 iuga
812 2971 966 3036 Volsiniis
980 2974 1038 3033 aut

237 3076 438 3160 simplicibus
454 3071 563 3137 Gabiis
577 3076 636 3135 aut
650 3070 746 3156 proni
762 3068 893 3132 Tiburis
906 3088 979 3132 arco
993 3067 1007 3131 l

237 3197 297 3240 nos
311 3175 425 3240 urbem
439 3171 576 3236 colimus
590 3168 683 3233 tenui
697 3166 833 3232 tibicine
847 3165 968 3229 fultam

238 3293 356 3357 magua
369 3275 461 3356 parte
475 3267 527 3332 sui
539 3291 549 3348 3
569 3287 646 3330 nam
659 3265 706 3330 sic
719 3262 905 3328 labentibus
919 3263 1027 3327 obstat

238 3372 365 3446 vilicus,
381 3373 415 3433 et
429 3365 548 3432 vetoris
562 3364 665 3428 rimae
676 3383 754 3426 oum
766 3360 852 3425 texit
865 3360 1005 3436 hiatum,
1285 3359 1343 3420 19⁶

238 3488 368 3534 securos
381 3465 545 3550 pendente
559 3461 650 3526 iubet
663 3458 805 3524 dormire
819 3457 924 3521 ruina.
1432 3446 1433 3485 ³

240 3565 415 3629 vivendum
429 3567 479 3626 est
493 3561 560 3625 illio
575 3559 631 3623 ubi
645 3558 737 3622 nulla
750 3556 913 3631 incendia,
929 3554 1013 3619 nulli

239 3665 335 3726 nocte
350 3664 466 3724 metus.
511 3657 576 3720 iam
589 3656 694 3739 poscit
708 3675 837 3737 aquam,
854 3653 919 3716 iam
933 3651 1051 3716 frivola
1064 3649 1222 3714 transfert

241 3759 418 3839 Voalegon‚
433 3754 581 3820 tabulata
594 3752 656 3816 tibi
670 3752 735 3816 iam
749 3750 849 3817 tertia
861 3750 1013 3840 fumante
