2909 4284
206 323 247 387 ²4
573 320 605 368 u.
630 317 726 368 rvrn
747 315 938 367 rrrrranrs

209 470 243 534 iu
255 472 385 535 laevum
398 487 581 546 conversus,
597 473 633 534 at
646 469 695 534 illi
710 469 825 534 dextra
838 468 965 532 iacebat

209 568 314 632 belua.
359 566 405 631 sic
418 586 545 651 pugnas
560 567 670 630 Oilicis
683 567 839 630 laudabat
853 569 887 628 et
900 565 987 627 ictus

209 671 243 730 et
256 684 374 748 pegma
386 668 421 728 et
434 683 550 747 pueros
563 663 640 727 inde
654 664 696 727 ad
711 662 831 728 velaria
843 665 963 743 raptos.

208 783 275 828 non
289 761 378 826 cedit
390 761 541 839 Veiento,
557 762 615 824 scd
629 765 668 824 ut
681 760 846 824 fanaticus
860 761 966 822 oeetm

209 879 390 943 percussus,
407 858 552 934 Bellona,
569 864 629 923 tuo
644 857 771 922 divinat
785 861 819 920 et
836 855 973 938 ‘ingens

209 975 304 1021 omen
317 955 560 1038 habcs’inquit
576 955 703 1038 ‘magni
717 953 861 1036 clarique
874 948 1044 1034 triumphi.
1111 996 1121 1015 ,
1251 946 1311 1008 las

209 1072 318 1136 regem
331 1052 474 1135 aliquem
488 1052 605 1138 capies,
621 1057 679 1116 aut
693 1053 734 1115 de
748 1055 879 1114 temone
894 1047 1054 1111 Britanno

210 1149 337 1214 excidet
348 1149 535 1232 Aruiragus.
579 1148 751 1232 peregrina
764 1145 934 1221 estbclua,
950 1143 1056 1208 cernis
1154 1172 1156 1174 v

210 1253 332 1310 erectas
346 1246 382 1310 in
396 1249 488 1328 terga
501 1245 597 1310 sudes
610 1245 644 1309 l'
685 1245 748 1308 hoc
763 1243 872 1307 deluit
886 1260 989 1305 unum

210 1343 370 1420 Fabricio,
386 1343 526 1426 patriam
539 1346 579 1406 ut
592 1341 720 1406 rhombi
735 1342 930 1404 memoraret
943 1342 978 1401 st
986 1355 1105 1401 ‘annos

212 1439 389 1522 ‘quidnam
401 1438 505 1521 igitur
519 1438 656 1503 censes?
696 1437 881 1502 conciditur
894 1434 926 1500 l’
963 1433 1070 1498 ‘absit
1082 1432 1124 1496 ab
1136 1422 1196 1496 illo
1254 1431 1314 1493 130

211 1536 350 1601 dedecus
363 1534 445 1600 hoo'
459 1535 636 1600 Montanus
650 1535 698 1598 ait
711 1556 721 1613 ;
744 1537 852 1598 ‘testa
865 1531 1090 1616 abriperetur,

210 1653 293 1718 quae
306 1633 399 1698 tenui
413 1651 507 1696 muro
521 1632 701 1714 spatiosum
715 1631 849 1712 colligat
863 1630 985 1694 orbem.

90 1745 93 1754 ¹
210 1730 348 1796 debetur
356 1750 494 1813 magnus
507 1731 639 1813 patinas
653 1729 846 1811 subitusque
861 1725 1085 1791 Prometheus.

210 1822 359 1911 argillam
371 1832 470 1911 atque
484 1832 591 1892 rotam
604 1827 702 1891 citius
715 1830 898 1909 properate,
914 1824 972 1888 scd
986 1842 1026 1887 ex
1038 1822 1101 1886 hoc

209 1930 356 2008 tempore
369 1925 445 2000 iam,
463 1925 589 2000 Oassar,
606 1923 698 2006 figuli
712 1927 773 1987 tua
785 1926 892 1987 castra
904 1918 1107 2004 sequantur!
1254 1916 1314 1980 13⁵

210 2023 290 2087 uicit
304 2021 405 2105 digne
417 2022 487 2088 viro
501 2022 673 2086 sententia.
717 2024 852 2086 noverat
866 2019 921 2083 ille
1043 2081 1046 2084 ,

209 2119 375 2182 luxuriam
388 2118 506 2201 inperii
519 2123 663 2183 veterem
676 2121 853 2200 noctesque
868 2115 1009 2180 Neronis

210 2215 276 2279 iam
288 2214 411 2280 medias
425 2214 585 2297 aliamque
599 2215 731 2290 famem,
747 2234 823 2278 cum
836 2213 948 2294 pulmo
962 2209 1102 2276 Falerno

209 2309 348 2374 arderet.
392 2307 476 2370 nulli
491 2307 594 2371 maior
607 2307 674 2371 fuit
688 2325 766 2370 usus
780 2304 898 2370 edendi

209 2407 403 2486 tempestate
416 2424 509 2483 mea3
532 2403 652 2468 Circeis
665 2408 744 2467 neta
756 2403 865 2466 forent
879 2423 921 2466 sn
989 2445 991 2448 -

210 2501 391 2564 Lucrinum
405 2499 447 2564 ad
461 2521 575 2564 saxum
589 2500 799 2582 Rutupinove
814 2499 903 2562 edita
915 2499 1021 2563 iundc

210 2602 317 2662 ostrea
330 2597 469 2660 callebat
482 2596 587 2678 primo
602 2597 800 2679 deprendere
815 2615 936 2670 morsu,

210 2699 244 2758 ct
257 2694 355 2758 semel
369 2693 493 2776 aspecti
507 2693 588 2756 litus
603 2692 732 2756 dicebat
747 2692 865 2756 echini.

210 2791 356 2872 surgitur
367 2793 401 2852 et
411 2790 508 2853 misso
522 2809 670 2871 proceres
687 2789 774 2852 exire
788 2789 943 2852 iubentur

210 2887 357 2961 consilio,
375 2905 456 2969 quos
470 2885 632 2948 Albanam
648 2886 714 2948 dux
728 2905 866 2967 maguus
878 2884 915 2947 in
928 2901 1036 2949 arcem

210 2986 354 3046 traxerat
368 2982 526 3046 attonitos
540 2985 575 3044 et
588 2983 744 3044 festinare
758 2985 887 3044 coactos

210 3083 378 3161 tamquam
391 3078 432 3141 de
448 3077 576 3142 Chattis
590 3078 714 3160 aliquid
729 3078 893 3159 torvisque
909 3076 1090 3158 Sycambris
1194 3099 1197 3106 ·

211 3175 371 3250 dicturus,
383 3179 551 3257 tamquam
565 3195 605 3237 ex
620 3174 753 3238 diversis
768 3173 915 3256 pertibus
929 3173 1015 3237 orbis

210 3270 307 3336 anxia
317 3270 488 3354 praecipiti
504 3271 645 3335 uenisset
662 3270 801 3352 epistula
815 3270 925 3352 pinna.

211 3373 311 3451 atque
324 3367 453 3431 utinam
466 3367 517 3430 his
531 3367 641 3448 potius
654 3367 751 3448 nugis
766 3371 838 3430 tota
851 3367 908 3429 ille
922 3366 1063 3431 dedisset
1261 3372 1324 3432 loc

211 3470 359 3545 tempora
373 3463 536 3538 saevitiae,
554 3463 655 3526 claras
671 3464 789 3544 quibus
803 3463 941 3526 abstulit
954 3463 1029 3526 urbi

211 3561 428 3643 inlustresque
443 3559 565 3623 animes
579 3560 712 3641 impunc
727 3563 761 3622 et
775 3560 902 3622 vindice
916 3560 1018 3624 nullo.

212 3659 269 3724 sed
282 3657 380 3740 periit
393 3662 566 3739 postquam
580 3657 773 3720 cerdonibus
788 3675 856 3720 esse
869 3657 1035 3721 timendus

212 3756 372 3833 coeperet.
418 3750 479 3814 hoo
494 3749 607 3813 nocuit
623 3749 808 3812 Lamiarum
823 3751 920 3813 caede
934 3751 1091 3816 madenti.
