2909 4284
601 331 734 380 SATVBA
756 334 778 381 V

583 553 732 607 SATVRA
752 551 781 606 V

129 672 165 736 Si
181 677 215 736 te
230 671 389 755 propositi
403 672 550 735 nondum
559 671 667 753 pudet
681 674 780 753 atque
794 672 906 735 eadem
920 674 968 735 est
982 690 1084 746 mens,

128 775 169 832 ut
184 770 270 832 bona
283 789 410 832 summa
423 773 519 851 putes
533 768 637 830 alisna
651 767 759 832 vivere
773 768 906 850 quadra,

129 866 157 929 si
173 872 267 949 potes
281 866 338 929 illa
350 865 420 949 pati
434 884 517 948 quae
530 884 591 928 neo
606 864 795 928 Sarmentus
810 865 937 948 iniquas

132 963 277 1027 Caesaris
291 963 333 1026 ad
347 983 473 1026 mensas
487 981 547 1026 nec
562 961 635 1026 vilis
650 961 762 1025 Gabba
776 962 917 1040 tulisset,

131 1060 279 1143 quamvis
293 1060 400 1124 iurato
414 1064 560 1124 metuam
573 1059 634 1122 tibi
649 1059 779 1123 credere
792 1058 877 1123 testi.

130 1161 246 1222 ventre
259 1157 343 1220 nihil
357 1157 433 1222 nori
447 1156 617 1239 frugalius.
662 1156 724 1220 hoc
738 1161 848 1220 tamen
861 1157 969 1240 ipsum

132 1253 289 1318 deiecisse
302 1258 394 1336 puta,
411 1253 500 1337 quod
513 1252 603 1316 inani
617 1254 739 1318 sufficit
751 1253 846 1318 alvo:

131 1350 225 1414 nulla
238 1352 368 1433 crepido
382 1350 504 1416 vacat?
541 1371 702 1434 nusquam
715 1371 797 1434 pons
811 1356 845 1415 et
858 1352 976 1434 tegetis
988 1370 1064 1430 pars

132 1449 270 1513 dimidia
282 1448 409 1515 brevior
424 1448 439 1514 Ρ
482 1448 611 1512 tantine
624 1447 746 1511 iniuria
758 1469 867 1525 cenae,

131 1551 202 1609 tum
215 1545 326 1609 ieiuna
338 1545 452 1623 tames,
470 1566 545 1610 cum
558 1546 661 1628 possit
675 1545 844 1609 honestius
857 1545 925 1608 illio
1189 1546 1231 1608 10
1303 1537 1306 1542 ’

132 1648 166 1706 et
180 1648 320 1706 tremere
334 1647 367 1706 et
380 1643 490 1707 sordes
504 1643 601 1707 larris
613 1643 761 1706 mordere
775 1642 883 1706 canini
898 1642 914 1706 l

172 1740 279 1823 primo
292 1740 354 1823 fige
367 1740 451 1816 loco,
468 1740 556 1822 quod
569 1745 608 1804 tu
622 1740 823 1804 discumbere
837 1739 943 1804 iussus

133 1837 315 1901 mercedem
328 1837 465 1901 solidam
478 1842 626 1902 veterum
640 1837 728 1920 capis
743 1837 931 1901 officiorum.

132 1935 263 1998 tructus
276 1934 438 1998 amicitiae
452 1954 588 2017 magnae
602 1935 704 2010 cibus,
720 1934 855 2017 inputat
867 1933 955 1998 huno
969 1953 1036 2010 rex,

133 2037 167 2116 et
181 2030 327 2115 quamvis
340 2050 450 2094 rarum
465 2035 575 2093 tamen
588 2030 730 2112 inputat.
776 2050 852 2110 ergo
866 2031 947 2093 ‹luos
960 2033 1035 2114 post
1189 2028 1230 2094 lt

131 2127 159 2193 si
172 2127 273 2191 hbuit
285 2146 411 2190 menses
424 2126 611 2206 neglectum
624 2125 778 2189 adhibere
791 2126 955 2202 clientem,

131 2222 234 2287 tertia
245 2241 288 2285 na
301 2241 404 2285 vacuo
418 2223 557 2284 cassaret
570 2220 691 2284 culcita
703 2220 800 2295 lecto,

134 2325 225 2382 ‘una
237 2317 359 2382 simus'
372 2317 426 2381 ait.
473 2321 624 2384 votorum
639 2337 776 2381 summa.
820 2316 901 2400 quid
914 2319 1001 2381 ultra

133 2415 288 2499 qnaeris?
326 2413 426 2478 habet
440 2414 576 2478 Trebius
589 2418 723 2498 propter
737 2414 825 2498 quod
838 2433 988 2498 rumpere
1001 2433 1151 2480 somnum

133 2514 251 2576 debeat
266 2516 300 2576 et
312 2511 430 2595 ligulas
444 2511 622 2588 dimittere,
639 2511 798 2575 sollicitus
812 2531 854 2574 ne
1190 2513 1233 2576 βο

131 2615 205 2676 totu
219 2608 392 2674 salutatrix
404 2609 470 2673 iam
483 2610 580 2673 turba
593 2609 756 2693 peregerit
769 2609 891 2684 orbem,

132 2707 294 2772 sideribus
307 2706 415 2770 dubiis
429 2709 488 2769 aut
501 2706 558 2770 illo
572 2709 718 2789 tempore
734 2726 799 2789 quo
812 2725 845 2769 se

132 2804 256 2888 lrigida
269 2803 497 2885 circumagunt
510 2802 596 2888 pigri
611 2823 737 2866 serraca
751 2803 882 2866 Bootae.

175 2901 280 2986 qualis
294 2921 374 2965 cena
387 2904 508 2964 tamen.
553 2899 667 2965 vinum
682 2900 772 2983 quod
785 2900 898 2964 sucida
909 2900 994 2964 nolit

132 2999 209 3064 lana
221 2997 313 3082 pati:
334 2998 374 3061 de
389 2997 524 3062 conviva
540 2995 724 3080 corybanta
737 2997 871 3062 ridebis.
1193 2999 1236 3060 ab

133 3096 241 3179 iurgia
254 3095 447 3179 proludunt,
463 3094 521 3158 sed
533 3115 610 3158 mos
623 3098 657 3157 et
670 3092 789 3177 pocula
802 3097 934 3176 torques

133 3193 264 3258 sauoius
278 3197 312 3256 et
326 3192 424 3255 rubra
438 3191 586 3273 deterges
599 3191 736 3256 vulnera
749 3210 878 3273 mappa,

133 3292 292 3354 intervos
306 3289 457 3373 quotiens
469 3289 726 3371 libertorumque
741 3288 909 3351 cohortem

132 3408 246 3472 pugna
261 3387 443 3470 Saguntina
456 3387 562 3450 fervet
577 3385 748 3450 commissa
760 3385 888 3468 lagona.

132 3487 203 3569 ipse
218 3485 371 3568 capillato
386 3485 542 3548 diffusum
556 3483 688 3548 consule
702 3487 797 3567 potat

133 3584 357 3666 calcatamque
371 3586 463 3646 tenet
477 3581 570 3646 bellis
584 3581 758 3646 socialibus
771 3601 868 3645 uvam

132 3680 283 3746 cardiaco
297 3700 476 3763 numquam
491 3679 646 3763 cyathum
660 3679 819 3742 missurus
832 3685 956 3756 am‘1003

132 3799 203 3844 cras
218 3777 310 3842 bibet
324 3776 460 3845 Albanis
473 3776 598 3856 aliquid
612 3777 652 3840 de
667 3775 833 3840 montibus
848 3780 906 3838 aut
920 3775 961 3838 de
