2909 4284
248 299 286 364 18
612 312 645 359 n.
670 311 768 362 suun
789 311 981 361 rrrnsrsme

244 460 427 527 admittunt
440 461 458 528 l
493 460 620 546 mugnis
633 461 750 547 opibus
762 463 924 531 dormitur
936 465 973 530 in
986 463 1078 532 urbe.
1129 462 1132 466 ’
1284 465 1342 526 235

245 557 321 621 inde
334 564 435 641 ceput
448 558 562 624 morbi.
602 560 774 625 raedarum
786 561 945 626 transitus
958 565 1031 626 orto

228 667 229 672 ’
244 655 390 720 vicorum
403 656 524 720 inflexu
538 659 572 720 et
586 657 704 721 etsntis
716 657 864 722 convicio
875 658 1031 722 msudrse

245 751 385 836 eripient
398 773 548 818 somnum
562 753 670 818 Druso
684 754 861 837 vitulisque
874 753 1018 818 murinis.

245 849 272 913 si
285 853 381 914 vocet
394 850 547 926 officium,
563 851 661 915 turbu
674 851 811 914 cedente
823 850 962 914 vehetur

245 946 334 1011 dives
348 952 382 1011 et
395 947 522 1031 ingenti
537 951 646 1013 curret
660 966 829 1032 superero
842 946 989 1012 Liburno
1283 948 1343 1010 240

244 1048 343 1127 atque
356 1045 461 1110 obiter
474 1045 561 1128 leget
574 1050 633 1109 eut
646 1045 769 1110 scribet
779 1045 832 1109 vel
846 1044 986 1109 dormiet
998 1044 1114 1124 intus}

243 1162 385 1225 numque
397 1143 479 1207 lecit
493 1163 644 1206 somnum
657 1143 768 1206 clsusu
779 1141 897 1207 lectius
908 1143 1063 1206 ienestru.

244 1243 320 1302 unte
334 1244 445 1303 temen
458 1240 569 1304 reniet
583 1261 592 1304 ε
613 1239 709 1304 nobis
721 1239 975 1323 properantibus
989 1241 1100 1321 opstat

245 1337 334 1400 undu
346 1336 445 1419 prior,
461 1356 580 1420 magno
593 1337 735 1420 populus
746 1335 868 1420 premit
883 1335 1012 1418 ugmine
1021 1335 1150 1400 lumbos

245 1433 486 1517 quiesquitur3
506 1433 652 1498 ierithis
667 1433 791 1510 cubito,
806 1432 1099 1498 leritussereduro
1283 1433 1341 1495 24⁵

244 1531 338 1608 ulter,
352 1534 387 1596 et
400 1530 454 1596 hio
468 1531 599 1614 tignum
609 1530 710 1614 cupiti
724 1530 858 1606 incutit,
875 1529 929 1593 ille
943 1531 1126 1594 metretum.

245 1627 381 1712 pinguis
392 1649 487 1694 crure
499 1629 583 1706 luto,
598 1628 713 1711 plsnte
725 1647 802 1696 mox
815 1627 961 1711 undique
974 1645 1093 1710 magns
1179 1699 1183 1707 ¹

245 1727 361 1802 celcor,
378 1729 412 1791 et
425 1725 461 1791 in
474 1725 580 1808 digito
594 1725 704 1790 clerus
718 1726 801 1790 mihi
814 1725 930 1789 militie
943 1724 1066 1791 haeret

243 1841 352 1888 nonne
366 1823 456 1888 rides
469 1828 593 1907 quento
607 1825 788 1888 celebretur
801 1823 949 1906 sportula
960 1820 1081 1886 fumo?

244 1925 376 1984 centum
391 1921 556 1997 convivae,
572 1922 721 2005 sequitur
733 1942 793 1986 sus
806 1940 968 2004 quemque
982 1918 1101 1984 culino.
1281 1922 1341 1985 250

246 2018 386 2083 Corbulo
399 2020 453 2082 rix
466 2020 568 2083 ferret
581 2023 635 2083 tot
647 2040 723 2084 rese
735 2019 894 2101 ingentis,
910 2021 962 2082 tot
973 2037 1026 2080 res

245 2115 401 2196 inpositus
415 2116 526 2199 cupiti,
544 2136 624 2198 quus
638 2120 729 2180 recto
743 2116 865 2180 vertice
878 2118 991 2198 portet

245 2213 393 2276 servulus
408 2213 525 2276 infelix
539 2218 574 2300 et
588 2233 686 2276 cursu
700 2213 842 2277 ventilet
855 2214 975 2295 iguem.

245 2309 440 2373 scinduntur
454 2310 586 2394 tunicae
600 2315 705 2373 sertus
721 2311 828 2386 modo,
843 2310 943 2392 longe
956 2312 1107 2374 coruscet

243 2423 370 2470 semaco
383 2407 533 2471 veniente
546 2406 646 2482 abies,
662 2411 760 2489 utque
774 2407 876 2471 ultera
888 2407 1005 2488 pinum
1281 2409 1341 2473 stc

244 2497 391 2580 plaustra
402 2498 538 2574 uehunt,
555 2501 677 2561 nutent
689 2498 756 2561 ulte
770 2500 958 2582 populoque·
968 2500 1147 2565 minentur.

244 2611 320 2656 num
334 2593 361 2655 si
374 2593 550 2675 procubuit
563 2591 620 2675 qui
634 2612 712 2656 sexu
726 2592 894 2674 Ligustico
906 2596 1017 2674 portet

244 2690 313 2754 exis
326 2693 361 2752 et
375 2709 522 2753 eversum
536 2690 627 2753 fudit
641 2708 740 2771 super
754 2689 885 2771 agmins
898 2694 1054 2767 montem,

244 2788 323 2871 quid
337 2791 482 2870 superest
497 2787 537 2850 de
551 2785 770 2869 corporibus?
810 2786 884 2868 quis
896 2787 1051 2860 membru,
1067 2787 1141 2869 quis
1153 2805 1226 2851 osse

243 2882 397 2948 inveniti
436 2883 593 2947 obtritum
608 2883 698 2966 vulgi
712 2883 799 2966 perit
813 2902 909 2946 omne
923 2884 1059 2947 cedcver
1279 2888 1340 2949 260

243 3002 332 3045 more
344 2982 480 3045 enimse.
525 2980 639 3044 domus
653 2981 905 3044 interessecure
917 2980 1054 3062 putelles

242 3079 307 3142 iam
320 3079 408 3143 leret
422 3084 455 3142 et
469 3079 571 3142 bucce
584 3077 733 3142 foculum
747 3078 868 3141 excitet
883 3082 917 3141 et
930 3082 1027 3142 sonet
1039 3077 1149 3142 unctis

242 3175 409 3258 striglibus
424 3180 458 3239 et
467 3177 564 3259 pleno
578 3175 745 3258 componit
758 3175 862 3238 lintea
874 3179 964 3257 guto.

242 3273 321 3337 baec
335 3273 421 3336 inter
434 3293 552 3356 pueros
565 3272 652 3337 varie
666 3277 894 3355 properentur,
910 3278 946 3337 st
959 3274 1015 3338 ille

242 3371 307 3434 iem
321 3370 411 3433 sedet
425 3370 460 3433 in
473 3370 544 3451 ripe
557 3374 766 3453 taetrumque
779 3370 928 3435 novicius
941 3371 1054 3436 horret

242 3468 413 3551 porthmea
425 3487 485 3530 nec
500 3472 607 3550 speret
622 3468 749 3532 caenosi
763 3468 904 3550 gurgitis
925 3468 1037 3533 ulnum

242 3565 357 3629 inielix
370 3584 431 3628 nec
444 3564 542 3628 hebet
556 3584 653 3647 quem
666 3564 813 3647 porriget
824 3585 879 3629 ore
897 3567 1062 3631 trientem.

282 3662 404 3745 respice
417 3682 506 3726 nunc
520 3661 583 3725 slis
596 3682 634 3726 ac
649 3662 775 3726 diverse
788 3662 932 3745 pericula
945 3665 1050 3730 noctis
1064 3686 1074 3730 z

243 3761 330 3840 quod
344 3759 486 3840 spatium
499 3759 596 3823 tectis
609 3759 805 3824 sublimibus
818 3761 905 3826 uude
919 3762 1086 3828 cerebrum
