<?xml version="1.0" encoding="UTF-8"?>
<!DOCTYPE html PUBLIC "-//W3C//DTD XHTML 1.0 Transitional//EN"
    "http://www.w3.org/TR/xhtml1/DTD/xhtml1-transitional.dtd">
<html xmlns="http://www.w3.org/1999/xhtml" xml:lang="en" lang="en">
 <head>
  <title>
</title>
<meta http-equiv="Content-Type" content="text/html;charset=utf-8" />
  <meta name='ocr-system' content='tesseract 3.04.00' />
  <meta name='ocr-capabilities' content='ocr_page ocr_carea ocr_par ocr_line ocrx_word'/>
</head>
<body>
  <div class='ocr_page' id='page_1' title='image "./saturarumlibriv00unkngoog_0124.png"; bbox 0 0 2909 4284; ppageno 0'>
   <div class='ocr_carea' id='block_1_1' title="bbox 233 339 970 422">
    <p class='ocr_par' dir='ltr' id='par_1_1' title="bbox 233 339 970 422">
     <span class='ocr_line' id='line_1_1' title="bbox 233 339 970 422; baseline -0.008 -20"><span class='ocrx_word' id='word_1_1' title='bbox 233 339 274 422; x_wconf 84' lang='lat'><strong>38</strong></span> <span class='ocrx_word' id='word_1_2' title='bbox 601 347 634 398; x_wconf 86' lang='lat' dir='ltr'><strong>n.</strong></span> <span class='ocrx_word' id='word_1_3' title='bbox 658 347 757 396; x_wconf 80' lang='lat' dir='ltr'><strong>rvun</strong></span> <span class='ocrx_word' id='word_1_4' title='bbox 777 344 970 420; x_wconf 71' lang='lat' dir='ltr'><strong>rursusne</strong></span> 
     </span>
    </p>
   </div>
   <div class='ocr_carea' id='block_1_2' title="bbox 226 496 1336 2632">
    <p class='ocr_par' dir='ltr' id='par_1_2' title="bbox 231 496 1021 584">
     <span class='ocr_line' id='line_1_2' title="bbox 231 496 1021 584; baseline -0.001 -20"><span class='ocrx_word' id='word_1_5' title='bbox 231 498 383 564; x_wconf 77' lang='lat' dir='ltr'>uberibus</span> <span class='ocrx_word' id='word_1_6' title='bbox 397 517 523 584; x_wconf 86' lang='lat' dir='ltr'><strong>semper</strong></span> <span class='ocrx_word' id='word_1_7' title='bbox 535 497 679 564; x_wconf 87' lang='lat' dir='ltr'><strong>lacrimis</strong></span> <span class='ocrx_word' id='word_1_8' title='bbox 692 517 883 583; x_wconf 77' lang='lat' dir='ltr'><strong>semperque</strong></span> <span class='ocrx_word' id='word_1_9' title='bbox 897 496 1021 582; x_wconf 85' lang='lat' dir='ltr'><strong>paratis</strong></span> 
     </span>
    </p>

    <p class='ocr_par' dir='ltr' id='par_1_3' title="bbox 231 594 983 679">
     <span class='ocr_line' id='line_1_3' title="bbox 231 594 983 679; baseline -0.003 -17"><span class='ocrx_word' id='word_1_10' title='bbox 231 597 264 662; x_wconf 91' lang='lat' dir='ltr'><strong>in</strong></span> <span class='ocrx_word' id='word_1_11' title='bbox 279 597 419 662; x_wconf 85' lang='lat' dir='ltr'><strong>statione</strong></span> <span class='ocrx_word' id='word_1_12' title='bbox 434 616 492 660; x_wconf 89' lang='lat' dir='ltr'><strong>sua</strong></span> <span class='ocrx_word' id='word_1_13' title='bbox 506 600 604 679; x_wconf 91' lang='lat' dir='ltr'><strong>atque</strong></span> <span class='ocrx_word' id='word_1_14' title='bbox 619 596 867 678; x_wconf 85' lang='lat' dir='ltr'><strong>expectantibus</strong></span> <span class='ocrx_word' id='word_1_15' title='bbox 882 594 983 673; x_wconf 80' lang='lat' dir='ltr'><strong>illem,</strong></span> 
     </span>
    </p>

    <p class='ocr_par' dir='ltr' id='par_1_4' title="bbox 230 693 1336 780">
     <span class='ocr_line' id='line_1_4' title="bbox 230 693 1336 780; baseline -0.002 -21"><span class='ocrx_word' id='word_1_16' title='bbox 230 715 294 780; x_wconf 89' lang='lat' dir='ltr'><strong>quo</strong></span> <span class='ocrx_word' id='word_1_17' title='bbox 309 695 420 758; x_wconf 90' lang='lat' dir='ltr'><strong>iubeat</strong></span> <span class='ocrx_word' id='word_1_18' title='bbox 434 713 565 758; x_wconf 90' lang='lat' dir='ltr'><strong>manare</strong></span> <span class='ocrx_word' id='word_1_19' title='bbox 579 693 698 757; x_wconf 87' lang='lat' dir='ltr'><strong>modo:</strong></span> <span class='ocrx_word' id='word_1_20' title='bbox 720 697 760 756; x_wconf 86' lang='lat' dir='ltr'><strong>tu</strong></span> <span class='ocrx_word' id='word_1_21' title='bbox 775 693 879 757; x_wconf 83' lang='lat' dir='ltr'><strong>credie</strong></span> <span class='ocrx_word' id='word_1_22' title='bbox 894 712 1048 770; x_wconf 81' lang='lat' dir='ltr'><strong>amorem,</strong></span> <span class='ocrx_word' id='word_1_23' title='bbox 1272 693 1336 761; x_wconf 71' lang='grc'><strong>276</strong></span> 
     </span>
    </p>

    <p class='ocr_par' dir='ltr' id='par_1_5' title="bbox 229 791 1037 876">
     <span class='ocr_line' id='line_1_5' title="bbox 229 791 1037 876; baseline -0.002 -18"><span class='ocrx_word' id='word_1_24' title='bbox 229 797 267 858; x_wconf 89' lang='lat' dir='ltr'><strong>tu</strong></span> <span class='ocrx_word' id='word_1_25' title='bbox 281 793 343 858; x_wconf 90' lang='lat' dir='ltr'><strong>tibi</strong></span> <span class='ocrx_word' id='word_1_26' title='bbox 357 797 449 870; x_wconf 89' lang='lat' dir='ltr'><strong>tunc,</strong></span> <span class='ocrx_word' id='word_1_27' title='bbox 466 813 578 868; x_wconf 90' lang='lat' dir='ltr'><strong>uruca,</strong></span> <span class='ocrx_word' id='word_1_28' title='bbox 594 793 703 876; x_wconf 88' lang='lat' dir='ltr'><strong>places</strong></span> <span class='ocrx_word' id='word_1_29' title='bbox 717 792 896 876; x_wconf 87' lang='lat' dir='ltr'><strong>fletumque</strong></span> <span class='ocrx_word' id='word_1_30' title='bbox 911 791 1037 856; x_wconf 87' lang='lat' dir='ltr'><strong>labellis</strong></span> 
     </span>
    </p>

    <p class='ocr_par' dir='ltr' id='par_1_6' title="bbox 228 889 1051 976">
     <span class='ocr_line' id='line_1_6' title="bbox 228 889 1051 976; baseline -0.001 -21"><span class='ocrx_word' id='word_1_31' title='bbox 228 892 371 968; x_wconf 83' lang='lat' dir='ltr'><strong>exorbes,</strong></span> <span class='ocrx_word' id='word_1_32' title='bbox 389 911 471 976; x_wconf 89' lang='lat' dir='ltr'><strong>quae</strong></span> <span class='ocrx_word' id='word_1_33' title='bbox 486 892 606 974; x_wconf 87' lang='lat' dir='ltr'><strong>scripta</strong></span> <span class='ocrx_word' id='word_1_34' title='bbox 620 895 654 954; x_wconf 92' lang='lat' dir='ltr'><strong>et</strong></span> <span class='ocrx_word' id='word_1_35' title='bbox 668 894 750 974; x_wconf 91' lang='lat' dir='ltr'><strong>quot</strong></span> <span class='ocrx_word' id='word_1_36' title='bbox 762 889 889 954; x_wconf 88' lang='lat' dir='ltr'><strong>lecture</strong></span> <span class='ocrx_word' id='word_1_37' title='bbox 904 890 1051 967; x_wconf 71' lang='lat' dir='ltr'><strong>tabellae,</strong></span> 
     </span>
    </p>

    <p class='ocr_par' dir='ltr' id='par_1_7' title="bbox 228 988 1028 1074">
     <span class='ocr_line' id='line_1_7' title="bbox 228 988 1028 1074; baseline 0.001 -21"><span class='ocrx_word' id='word_1_38' title='bbox 228 989 256 1053; x_wconf 93' lang='lat' dir='ltr'><strong>si</strong></span> <span class='ocrx_word' id='word_1_39' title='bbox 269 989 331 1053; x_wconf 93' lang='lat' dir='ltr'><strong>tibi</strong></span> <span class='ocrx_word' id='word_1_40' title='bbox 345 989 510 1074; x_wconf 79' lang='lat' dir='ltr'><strong>zelotypae</strong></span> <span class='ocrx_word' id='word_1_41' title='bbox 527 993 718 1072; x_wconf 81' lang='lat' dir='ltr'><strong>retegantur</strong></span> <span class='ocrx_word' id='word_1_42' title='bbox 733 988 852 1054; x_wconf 85' lang='lat' dir='ltr'><strong>scrinia</strong></span> <span class='ocrx_word' id='word_1_43' title='bbox 864 988 1028 1054; x_wconf 88' lang='lat' dir='ltr'><strong>moechae.</strong></span> 
     </span>
    </p>

    <p class='ocr_par' dir='ltr' id='par_1_8' title="bbox 228 1083 1091 1171">
     <span class='ocr_line' id='line_1_8' title="bbox 228 1083 1091 1171; baseline 0 -21"><span class='ocrx_word' id='word_1_44' title='bbox 228 1088 286 1150; x_wconf 86' lang='lat' dir='ltr'><strong>sed</strong></span> <span class='ocrx_word' id='word_1_45' title='bbox 299 1085 383 1151; x_wconf 90' lang='lat' dir='ltr'><strong>iacet</strong></span> <span class='ocrx_word' id='word_1_46' title='bbox 396 1086 432 1152; x_wconf 89' lang='lat' dir='ltr'><strong>in</strong></span> <span class='ocrx_word' id='word_1_47' title='bbox 446 1087 529 1152; x_wconf 81' lang='lat' dir='ltr'><strong>servi</strong></span> <span class='ocrx_word' id='word_1_48' title='bbox 543 1087 765 1171; x_wconf 77' lang='lat' dir='ltr'><strong>complexibus</strong></span> <span class='ocrx_word' id='word_1_49' title='bbox 779 1091 838 1151; x_wconf 92' lang='lat' dir='ltr'><strong>aut</strong></span> <span class='ocrx_word' id='word_1_50' title='bbox 851 1087 981 1170; x_wconf 89' lang='lat' dir='ltr'><strong>equitis.</strong></span> <span class='ocrx_word' id='word_1_51' title='bbox 1025 1083 1091 1163; x_wconf 85' lang='lat' dir='ltr'><strong>dio,</strong></span> 
     </span>
    </p>

    <p class='ocr_par' dir='ltr' id='par_1_9' title="bbox 228 1183 1335 1270">
     <span class='ocr_line' id='line_1_9' title="bbox 228 1183 1335 1270; baseline 0.002 -23"><span class='ocrx_word' id='word_1_52' title='bbox 228 1183 545 1270; x_wconf 86' lang='lat' dir='ltr'><strong>dicaliquemsodes</strong></span> <span class='ocrx_word' id='word_1_53' title='bbox 558 1185 624 1263; x_wconf 91' lang='lat' dir='ltr'><strong>hio,</strong></span> <span class='ocrx_word' id='word_1_54' title='bbox 642 1185 855 1264; x_wconf 80' lang='lat' dir='ltr'><strong>Quintiliane,</strong></span> <span class='ocrx_word' id='word_1_55' title='bbox 873 1184 1024 1249; x_wconf 88' lang='lat' dir='ltr'><strong>colorem.</strong></span> <span class='ocrx_word' id='word_1_56' title='bbox 1273 1184 1335 1270; x_wconf 72' lang='lat'><strong>280</strong></span> 
     </span>
    </p>

    <p class='ocr_par' dir='ltr' id='par_1_10' title="bbox 228 1278 1096 1366">
     <span class='ocr_line' id='line_1_10' title="bbox 228 1278 1096 1366; baseline -0.001 -21"><span class='ocrx_word' id='word_1_57' title='bbox 228 1279 406 1346; x_wconf 86' lang='lat' dir='ltr'><strong>haeremus.</strong></span> <span class='ocrx_word' id='word_1_58' title='bbox 450 1283 503 1347; x_wconf 93' lang='lat' dir='ltr'><strong>dio</strong></span> <span class='ocrx_word' id='word_1_59' title='bbox 517 1282 596 1366; x_wconf 86' lang='lat' dir='ltr'><strong>ipsa.</strong></span> <span class='ocrx_word' id='word_1_60' title='bbox 644 1283 742 1347; x_wconf 87' lang='lat' dir='ltr'><strong>‘olim</strong></span> <span class='ocrx_word' id='word_1_61' title='bbox 756 1280 971 1346; x_wconf 86' lang='lat' dir='ltr'><strong>convenerat&#39;</strong></span> <span class='ocrx_word' id='word_1_62' title='bbox 985 1278 1096 1365; x_wconf 90' lang='lat' dir='ltr'><strong>inquit</strong></span> 
     </span>
    </p>

    <p class='ocr_par' dir='ltr' id='par_1_11' title="bbox 231 1379 1079 1466">
     <span class='ocr_line' id='line_1_11' title="bbox 231 1379 1079 1466; baseline 0.001 -24"><span class='ocrx_word' id='word_1_63' title='bbox 231 1382 290 1442; x_wconf 84' lang='lat' dir='ltr'><strong>‘ut</strong></span> <span class='ocrx_word' id='word_1_64' title='bbox 302 1379 425 1445; x_wconf 80' lang='lat' dir='ltr'><strong>taceres</strong></span> <span class='ocrx_word' id='word_1_65' title='bbox 439 1384 478 1444; x_wconf 87' lang='lat' dir='ltr'><strong>to</strong></span> <span class='ocrx_word' id='word_1_66' title='bbox 492 1380 581 1466; x_wconf 92' lang='lat' dir='ltr'><strong>quod</strong></span> <span class='ocrx_word' id='word_1_67' title='bbox 593 1380 704 1456; x_wconf 88' lang='lat' dir='ltr'><strong>velles,</strong></span> <span class='ocrx_word' id='word_1_68' title='bbox 720 1399 782 1444; x_wconf 88' lang='lat' dir='ltr'><strong>neo</strong></span> <span class='ocrx_word' id='word_1_69' title='bbox 795 1399 863 1444; x_wconf 91' lang='lat' dir='ltr'><strong>nou</strong></span> <span class='ocrx_word' id='word_1_70' title='bbox 878 1399 938 1462; x_wconf 82' lang='lat' dir='ltr'><strong>ego</strong></span> <span class='ocrx_word' id='word_1_71' title='bbox 951 1397 1079 1462; x_wconf 86' lang='lat' dir='ltr'><strong>possem</strong></span> 
     </span>
    </p>

    <p class='ocr_par' dir='ltr' id='par_1_12' title="bbox 228 1475 1014 1561">
     <span class='ocr_line' id='line_1_12' title="bbox 228 1475 1014 1561; baseline 0 -21"><span class='ocrx_word' id='word_1_72' title='bbox 228 1475 398 1561; x_wconf 77' lang='lat' dir='ltr'><strong>indulgere</strong></span> <span class='ocrx_word' id='word_1_73' title='bbox 413 1477 504 1542; x_wconf 89' lang='lat' dir='ltr'><strong>mihi.</strong></span> <span class='ocrx_word' id='word_1_74' title='bbox 549 1478 667 1542; x_wconf 88' lang='lat' dir='ltr'><strong>clames</strong></span> <span class='ocrx_word' id='word_1_75' title='bbox 681 1477 760 1542; x_wconf 89' lang='lat' dir='ltr'><strong>licet</strong></span> <span class='ocrx_word' id='word_1_76' title='bbox 774 1483 808 1542; x_wconf 87' lang='lat' dir='ltr'><strong>et</strong></span> <span class='ocrx_word' id='word_1_77' title='bbox 822 1497 911 1541; x_wconf 89' lang='lat' dir='ltr'><strong>mare</strong></span> <span class='ocrx_word' id='word_1_78' title='bbox 925 1476 1014 1541; x_wconf 88' lang='lat' dir='ltr'><strong>caelo</strong></span> 
     </span>
    </p>

    <p class='ocr_par' dir='ltr' id='par_1_13' title="bbox 228 1572 1079 1652">
     <span class='ocr_line' id='line_1_13' title="bbox 228 1572 1079 1652; baseline 0 -14"><span class='ocrx_word' id='word_1_79' title='bbox 228 1575 420 1652; x_wconf 78' lang='lat' dir='ltr'><strong>confundas,</strong></span> <span class='ocrx_word' id='word_1_80' title='bbox 437 1573 535 1639; x_wconf 93' lang='lat' dir='ltr'><strong>homo</strong></span> <span class='ocrx_word' id='word_1_81' title='bbox 548 1574 641 1640; x_wconf 86' lang='lat' dir='ltr'><strong>snm&#39;</strong></span> <span class='ocrx_word' id='word_1_82' title='bbox 681 1575 766 1638; x_wconf 91' lang='lat' dir='ltr'><strong>nihil</strong></span> <span class='ocrx_word' id='word_1_83' title='bbox 780 1579 830 1639; x_wconf 86' lang='lat' dir='ltr'><strong>cst</strong></span> <span class='ocrx_word' id='word_1_84' title='bbox 843 1573 1000 1639; x_wconf 90' lang='lat' dir='ltr'><strong>audaciue</strong></span> <span class='ocrx_word' id='word_1_85' title='bbox 1012 1572 1079 1638; x_wconf 89' lang='lat' dir='ltr'><strong>illie</strong></span> 
     </span>
    </p>

    <p class='ocr_par' dir='ltr' id='par_1_14' title="bbox 229 1671 1334 1852">
     <span class='ocr_line' id='line_1_14' title="bbox 229 1671 1334 1756; baseline 0.002 -21"><span class='ocrx_word' id='word_1_86' title='bbox 229 1671 405 1755; x_wconf 83' lang='lat' dir='ltr'><strong>deprensis,</strong></span> <span class='ocrx_word' id='word_1_87' title='bbox 421 1673 503 1736; x_wconf 88' lang='lat' dir='ltr'><strong>iram</strong></span> <span class='ocrx_word' id='word_1_88' title='bbox 517 1676 615 1756; x_wconf 90' lang='lat' dir='ltr'><strong>atque</strong></span> <span class='ocrx_word' id='word_1_89' title='bbox 629 1672 755 1737; x_wconf 88' lang='lat' dir='ltr'><strong>animos</strong></span> <span class='ocrx_word' id='word_1_90' title='bbox 769 1692 789 1736; x_wconf 94' lang='lat' dir='ltr'><strong>a</strong></span> <span class='ocrx_word' id='word_1_91' title='bbox 802 1671 938 1737; x_wconf 84' lang='lat' dir='ltr'><strong>crimine</strong></span> <span class='ocrx_word' id='word_1_92' title='bbox 959 1675 1104 1736; x_wconf 86' lang='lat' dir='ltr'><strong>sumunt.</strong></span> <span class='ocrx_word' id='word_1_93' title='bbox 1272 1674 1334 1737; x_wconf 76' lang='lat' dir='ltr'><strong>aab</strong></span> 
     </span>
     <span class='ocr_line' id='line_1_15' title="bbox 269 1766 1239 1852; baseline 0.003 -20"><span class='ocrx_word' id='word_1_94' title='bbox 269 1770 356 1833; x_wconf 90' lang='lat' dir='ltr'><strong>unde</strong></span> <span class='ocrx_word' id='word_1_95' title='bbox 370 1770 450 1834; x_wconf 91' lang='lat' dir='ltr'><strong>haec</strong></span> <span class='ocrx_word' id='word_1_96' title='bbox 464 1775 610 1834; x_wconf 90' lang='lat' dir='ltr'><strong>monstra</strong></span> <span class='ocrx_word' id='word_1_97' title='bbox 624 1775 734 1833; x_wconf 89' lang='lat' dir='ltr'><strong>tamen</strong></span> <span class='ocrx_word' id='word_1_98' title='bbox 748 1769 801 1834; x_wconf 85' lang='lat' dir='ltr'><strong>rel</strong></span> <span class='ocrx_word' id='word_1_99' title='bbox 815 1789 880 1852; x_wconf 92' lang='lat' dir='ltr'><strong>quo</strong></span> <span class='ocrx_word' id='word_1_100' title='bbox 895 1769 936 1833; x_wconf 85' lang='lat' dir='ltr'><strong>de</strong></span> <span class='ocrx_word' id='word_1_101' title='bbox 950 1769 1054 1844; x_wconf 77' lang='lat' dir='ltr'><strong>tonte,</strong></span> <span class='ocrx_word' id='word_1_102' title='bbox 1070 1766 1239 1850; x_wconf 77' lang='lat' dir='ltr'><strong>requiris?</strong></span> 
     </span>
    </p>

    <p class='ocr_par' dir='ltr' id='par_1_15' title="bbox 228 1866 974 1951">
     <span class='ocr_line' id='line_1_16' title="bbox 228 1866 974 1951; baseline 0 -21"><span class='ocrx_word' id='word_1_103' title='bbox 228 1869 412 1951; x_wconf 71' lang='lat' dir='ltr'><strong>praestabat</strong></span> <span class='ocrx_word' id='word_1_104' title='bbox 426 1871 530 1932; x_wconf 88' lang='lat' dir='ltr'><strong>castas</strong></span> <span class='ocrx_word' id='word_1_105' title='bbox 544 1867 677 1931; x_wconf 87' lang='lat' dir='ltr'><strong>humilis</strong></span> <span class='ocrx_word' id='word_1_106' title='bbox 691 1867 826 1931; x_wconf 78' lang='lat' dir='ltr'><strong>fortuna</strong></span> <span class='ocrx_word' id='word_1_107' title='bbox 840 1866 974 1930; x_wconf 82' lang='lat' dir='ltr'><strong>Latinas</strong></span> 
     </span>
    </p>

    <p class='ocr_par' dir='ltr' id='par_1_16' title="bbox 228 1964 1020 2048">
     <span class='ocr_line' id='line_1_17' title="bbox 228 1964 1020 2048; baseline 0 -22"><span class='ocrx_word' id='word_1_108' title='bbox 228 1965 402 2048; x_wconf 89' lang='lat' dir='ltr'><strong>quondam,</strong></span> <span class='ocrx_word' id='word_1_109' title='bbox 418 1984 479 2028; x_wconf 89' lang='lat' dir='ltr'><strong>nee</strong></span> <span class='ocrx_word' id='word_1_110' title='bbox 493 1965 581 2028; x_wconf 86' lang='lat' dir='ltr'><strong>vitiis</strong></span> <span class='ocrx_word' id='word_1_111' title='bbox 595 1964 744 2047; x_wconf 79' lang='lat' dir='ltr'><strong>contingi</strong></span> <span class='ocrx_word' id='word_1_112' title='bbox 757 1983 857 2047; x_wconf 85' lang='lat' dir='ltr'><strong>parva</strong></span> <span class='ocrx_word' id='word_1_113' title='bbox 871 1964 1020 2028; x_wconf 83' lang='lat' dir='ltr'><strong>sinebant</strong></span> 
     </span>
    </p>

    <p class='ocr_par' dir='ltr' id='par_1_17' title="bbox 228 2061 1043 2145">
     <span class='ocr_line' id='line_1_18' title="bbox 228 2061 1043 2145; baseline -0.002 -19"><span class='ocrx_word' id='word_1_114' title='bbox 228 2065 326 2139; x_wconf 88' lang='lat' dir='ltr'><strong>tecta,</strong></span> <span class='ocrx_word' id='word_1_115' title='bbox 342 2061 434 2126; x_wconf 91' lang='lat' dir='ltr'><strong>labor</strong></span> <span class='ocrx_word' id='word_1_116' title='bbox 447 2062 615 2145; x_wconf 89' lang='lat' dir='ltr'><strong>somnique</strong></span> <span class='ocrx_word' id='word_1_117' title='bbox 629 2062 742 2127; x_wconf 82' lang='lat' dir='ltr'><strong>breves</strong></span> <span class='ocrx_word' id='word_1_118' title='bbox 756 2065 790 2126; x_wconf 84' lang='lat' dir='ltr'><strong>et</strong></span> <span class='ocrx_word' id='word_1_119' title='bbox 804 2062 922 2126; x_wconf 81' lang='lat' dir='ltr'><strong>vellere</strong></span> <span class='ocrx_word' id='word_1_120' title='bbox 936 2061 1043 2125; x_wconf 83' lang='lat' dir='ltr'><strong>Tusco</strong></span> 
     </span>
    </p>

    <p class='ocr_par' dir='ltr' id='par_1_18' title="bbox 227 2158 1332 2242">
     <span class='ocr_line' id='line_1_19' title="bbox 227 2158 1332 2242; baseline 0.002 -20"><span class='ocrx_word' id='word_1_121' title='bbox 227 2163 361 2222; x_wconf 63' lang='lat' dir='ltr'><strong>serame</strong></span> <span class='ocrx_word' id='word_1_122' title='bbox 375 2159 539 2242; x_wconf 87' lang='lat' dir='ltr'><strong>duraeque</strong></span> <span class='ocrx_word' id='word_1_123' title='bbox 553 2177 669 2223; x_wconf 91' lang='lat' dir='ltr'><strong>manus</strong></span> <span class='ocrx_word' id='word_1_124' title='bbox 683 2179 720 2223; x_wconf 93' lang='lat' dir='ltr'><strong>ac</strong></span> <span class='ocrx_word' id='word_1_125' title='bbox 734 2159 902 2242; x_wconf 88' lang='lat' dir='ltr'><strong>proximus</strong></span> <span class='ocrx_word' id='word_1_126' title='bbox 915 2158 990 2222; x_wconf 89' lang='lat' dir='ltr'><strong>urbi</strong></span> <span class='ocrx_word' id='word_1_127' title='bbox 1269 2162 1332 2224; x_wconf 81' lang='lat'><strong>290</strong></span> 
     </span>
    </p>

    <p class='ocr_par' dir='ltr' id='par_1_19' title="bbox 228 2255 963 2321">
     <span class='ocr_line' id='line_1_20' title="bbox 228 2255 963 2321; baseline 0.003 -3"><span class='ocrx_word' id='word_1_128' title='bbox 228 2255 393 2319; x_wconf 89' lang='lat' dir='ltr'><strong>Hannibal</strong></span> <span class='ocrx_word' id='word_1_129' title='bbox 408 2260 442 2319; x_wconf 93' lang='lat' dir='ltr'><strong>et</strong></span> <span class='ocrx_word' id='word_1_130' title='bbox 455 2259 580 2319; x_wconf 87' lang='lat' dir='ltr'><strong>stantes</strong></span> <span class='ocrx_word' id='word_1_131' title='bbox 595 2255 724 2321; x_wconf 85' lang='lat' dir='ltr'><strong>Oollina</strong></span> <span class='ocrx_word' id='word_1_132' title='bbox 737 2266 829 2320; x_wconf 88' lang='lat' dir='ltr'><strong>turre</strong></span> <span class='ocrx_word' id='word_1_133' title='bbox 843 2255 963 2320; x_wconf 90' lang='lat' dir='ltr'><strong>mariti.</strong></span> 
     </span>
    </p>

    <p class='ocr_par' dir='ltr' id='par_1_20' title="bbox 226 2352 1068 2437">
     <span class='ocr_line' id='line_1_21' title="bbox 226 2352 1068 2437; baseline 0.002 -22"><span class='ocrx_word' id='word_1_134' title='bbox 226 2372 316 2416; x_wconf 88' lang='lat' dir='ltr'><strong>nuno</strong></span> <span class='ocrx_word' id='word_1_135' title='bbox 329 2355 474 2435; x_wconf 86' lang='lat' dir='ltr'><strong>patimur</strong></span> <span class='ocrx_word' id='word_1_136' title='bbox 485 2353 601 2436; x_wconf 83' lang='lat' dir='ltr'><strong>longae</strong></span> <span class='ocrx_word' id='word_1_137' title='bbox 615 2354 704 2437; x_wconf 88' lang='lat' dir='ltr'><strong>pacis</strong></span> <span class='ocrx_word' id='word_1_138' title='bbox 718 2353 814 2430; x_wconf 88' lang='lat' dir='ltr'><strong>mala,</strong></span> <span class='ocrx_word' id='word_1_139' title='bbox 831 2353 956 2418; x_wconf 78' lang='lat' dir='ltr'><strong>saeuior</strong></span> <span class='ocrx_word' id='word_1_140' title='bbox 969 2352 1068 2417; x_wconf 85' lang='lat' dir='ltr'><strong>armis</strong></span> 
     </span>
    </p>

    <p class='ocr_par' dir='ltr' id='par_1_21' title="bbox 226 2450 1044 2534">
     <span class='ocr_line' id='line_1_22' title="bbox 226 2450 1044 2534; baseline 0.004 -22"><span class='ocrx_word' id='word_1_141' title='bbox 226 2450 357 2513; x_wconf 82' lang='lat' dir='ltr'><strong>luxuria</strong></span> <span class='ocrx_word' id='word_1_142' title='bbox 369 2451 521 2513; x_wconf 89' lang='lat' dir='ltr'><strong>incubuit</strong></span> <span class='ocrx_word' id='word_1_143' title='bbox 534 2451 724 2534; x_wconf 85' lang='lat' dir='ltr'><strong>victumque</strong></span> <span class='ocrx_word' id='word_1_144' title='bbox 740 2451 910 2515; x_wconf 89' lang='lat' dir='ltr'><strong>ulciscitur</strong></span> <span class='ocrx_word' id='word_1_145' title='bbox 924 2452 1044 2515; x_wconf 90' lang='lat' dir='ltr'><strong>orbem.</strong></span> 
     </span>
    </p>

    <p class='ocr_par' dir='ltr' id='par_1_22' title="bbox 226 2547 1113 2632">
     <span class='ocr_line' id='line_1_23' title="bbox 226 2547 1113 2632; baseline 0.002 -22"><span class='ocrx_word' id='word_1_146' title='bbox 226 2547 357 2612; x_wconf 88' lang='lat' dir='ltr'><strong>nullum</strong></span> <span class='ocrx_word' id='word_1_147' title='bbox 372 2549 494 2611; x_wconf 88' lang='lat' dir='ltr'><strong>crimen</strong></span> <span class='ocrx_word' id='word_1_148' title='bbox 509 2549 600 2612; x_wconf 89' lang='lat' dir='ltr'><strong>abest</strong></span> <span class='ocrx_word' id='word_1_149' title='bbox 614 2548 807 2632; x_wconf 77' lang='lat' dir='ltr'><strong>facinusque</strong></span> <span class='ocrx_word' id='word_1_150' title='bbox 820 2548 978 2623; x_wconf 89' lang='lat' dir='ltr'><strong>libidinis,</strong></span> <span class='ocrx_word' id='word_1_151' title='bbox 994 2568 1034 2610; x_wconf 84' lang='lat' dir='ltr'><strong>ex</strong></span> <span class='ocrx_word' id='word_1_152' title='bbox 1047 2567 1113 2630; x_wconf 93' lang='lat' dir='ltr'><strong>quo</strong></span> 
     </span>
    </p>
   </div>
   <div class='ocr_carea' id='block_1_3' title="bbox 226 2645 1330 2729">
    <p class='ocr_par' dir='ltr' id='par_1_23' title="bbox 226 2645 1330 2729">
     <span class='ocr_line' id='line_1_24' title="bbox 226 2645 1330 2729; baseline 0.004 -22"><span class='ocrx_word' id='word_1_153' title='bbox 226 2648 401 2728; x_wconf 86' lang='lat' dir='ltr'><strong>paupertas</strong></span> <span class='ocrx_word' id='word_1_154' title='bbox 415 2645 559 2708; x_wconf 90' lang='lat' dir='ltr'><strong>Romana</strong></span> <span class='ocrx_word' id='word_1_155' title='bbox 573 2646 666 2729; x_wconf 87' lang='lat' dir='ltr'><strong>perit.</strong></span> <span class='ocrx_word' id='word_1_156' title='bbox 712 2645 791 2709; x_wconf 90' lang='lat' dir='ltr'><strong>hinc</strong></span> <span class='ocrx_word' id='word_1_157' title='bbox 805 2645 902 2709; x_wconf 86' lang='lat' dir='ltr'><strong>fluxit</strong></span> <span class='ocrx_word' id='word_1_158' title='bbox 916 2646 957 2708; x_wconf 90' lang='lat' dir='ltr'><strong>ad</strong></span> <span class='ocrx_word' id='word_1_159' title='bbox 971 2645 1051 2709; x_wconf 90' lang='lat' dir='ltr'><strong>ietoe</strong></span> <span class='ocrx_word' id='word_1_160' title='bbox 1267 2649 1330 2712; x_wconf 72' lang='lat'><strong>295</strong></span> 
     </span>
    </p>
   </div>
   <div class='ocr_carea' id='block_1_4' title="bbox 225 2741 1330 3800">
    <p class='ocr_par' dir='ltr' id='par_1_24' title="bbox 227 2741 987 2823">
     <span class='ocr_line' id='line_1_25' title="bbox 227 2741 987 2823; baseline 0.001 -18"><span class='ocrx_word' id='word_1_161' title='bbox 227 2744 262 2805; x_wconf 92' lang='lat' dir='ltr'><strong>et</strong></span> <span class='ocrx_word' id='word_1_162' title='bbox 275 2741 402 2823; x_wconf 83' lang='lat' dir='ltr'><strong>Sybaris</strong></span> <span class='ocrx_word' id='word_1_163' title='bbox 415 2742 514 2818; x_wconf 90' lang='lat' dir='ltr'><strong>collis,</strong></span> <span class='ocrx_word' id='word_1_164' title='bbox 531 2742 608 2806; x_wconf 91' lang='lat' dir='ltr'><strong>hinc</strong></span> <span class='ocrx_word' id='word_1_165' title='bbox 622 2746 656 2807; x_wconf 94' lang='lat' dir='ltr'><strong>et</strong></span> <span class='ocrx_word' id='word_1_166' title='bbox 669 2742 798 2806; x_wconf 87' lang='lat' dir='ltr'><strong>Rhodos</strong></span> <span class='ocrx_word' id='word_1_167' title='bbox 811 2748 846 2806; x_wconf 86' lang='lat' dir='ltr'><strong>et</strong></span> <span class='ocrx_word' id='word_1_168' title='bbox 860 2743 987 2806; x_wconf 85' lang='lat' dir='ltr'><strong>Miletos</strong></span> 
     </span>
    </p>

    <p class='ocr_par' dir='ltr' id='par_1_25' title="bbox 226 2839 1177 2924">
     <span class='ocr_line' id='line_1_26' title="bbox 226 2839 1177 2924; baseline 0.001 -21"><span class='ocrx_word' id='word_1_169' title='bbox 226 2843 322 2922; x_wconf 82' lang='lat' dir='ltr'><strong>atque</strong></span> <span class='ocrx_word' id='word_1_170' title='bbox 337 2845 522 2904; x_wconf 88' lang='lat' dir='ltr'><strong>coronatum</strong></span> <span class='ocrx_word' id='word_1_171' title='bbox 537 2844 570 2904; x_wconf 89' lang='lat' dir='ltr'><strong>et</strong></span> <span class='ocrx_word' id='word_1_172' title='bbox 583 2842 732 2924; x_wconf 86' lang='lat' dir='ltr'><strong>petulans</strong></span> <span class='ocrx_word' id='word_1_173' title='bbox 744 2839 974 2921; x_wconf 89' lang='lat' dir='ltr'><strong>madidumque</strong></span> <span class='ocrx_word' id='word_1_174' title='bbox 988 2839 1177 2904; x_wconf 83' lang='lat' dir='ltr'><strong>Tarentum.</strong></span> 
     </span>
    </p>

    <p class='ocr_par' dir='ltr' id='par_1_26' title="bbox 226 2936 958 3021">
     <span class='ocr_line' id='line_1_27' title="bbox 226 2936 958 3021; baseline 0.003 -22"><span class='ocrx_word' id='word_1_175' title='bbox 226 2936 331 3021; x_wconf 89' lang='lat' dir='ltr'><strong>prima</strong></span> <span class='ocrx_word' id='word_1_176' title='bbox 343 2937 527 3020; x_wconf 83' lang='lat' dir='ltr'><strong>peregrinos</strong></span> <span class='ocrx_word' id='word_1_177' title='bbox 539 2939 692 3002; x_wconf 89' lang='lat' dir='ltr'><strong>obscaena</strong></span> <span class='ocrx_word' id='word_1_178' title='bbox 704 2937 842 3020; x_wconf 88' lang='lat' dir='ltr'><strong>pecunia</strong></span> <span class='ocrx_word' id='word_1_179' title='bbox 854 2957 958 3002; x_wconf 88' lang='lat' dir='ltr'><strong>mores</strong></span> 
     </span>
    </p>

    <p class='ocr_par' dir='ltr' id='par_1_27' title="bbox 226 3033 913 3117">
     <span class='ocr_line' id='line_1_28' title="bbox 226 3033 913 3117; baseline -0.001 -18"><span class='ocrx_word' id='word_1_180' title='bbox 226 3033 351 3110; x_wconf 89' lang='lat' dir='ltr'><strong>intulit,</strong></span> <span class='ocrx_word' id='word_1_181' title='bbox 366 3038 400 3099; x_wconf 91' lang='lat' dir='ltr'><strong>et</strong></span> <span class='ocrx_word' id='word_1_182' title='bbox 414 3035 502 3117; x_wconf 88' lang='lat' dir='ltr'><strong>turpi</strong></span> <span class='ocrx_word' id='word_1_183' title='bbox 515 3036 682 3116; x_wconf 83' lang='lat' dir='ltr'><strong>fregerunt</strong></span> <span class='ocrx_word' id='word_1_184' title='bbox 696 3034 819 3099; x_wconf 85' lang='lat' dir='ltr'><strong>saecula</strong></span> <span class='ocrx_word' id='word_1_185' title='bbox 831 3035 913 3099; x_wconf 84' lang='lat' dir='ltr'><strong>luxu</strong></span> 
     </span>
    </p>

    <p class='ocr_par' dir='ltr' id='par_1_28' title="bbox 226 3131 1330 3313">
     <span class='ocr_line' id='line_1_29' title="bbox 226 3131 1330 3214; baseline 0.004 -19"><span class='ocrx_word' id='word_1_186' title='bbox 226 3131 357 3196; x_wconf 84' lang='lat' dir='ltr'><strong>divitiae</strong></span> <span class='ocrx_word' id='word_1_187' title='bbox 371 3131 491 3196; x_wconf 88' lang='lat' dir='ltr'><strong>molles.</strong></span> <span class='ocrx_word' id='word_1_188' title='bbox 536 3133 1050 3214; x_wconf 77' lang='lat' dir='ltr'><strong>quidenimuenusebriaourat?</strong></span> <span class='ocrx_word' id='word_1_189' title='bbox 1266 3138 1330 3200; x_wconf 80' lang='lat'><strong>300</strong></span> 
     </span>
     <span class='ocr_line' id='line_1_30' title="bbox 226 3229 1043 3313; baseline 0.001 -20"><span class='ocrx_word' id='word_1_190' title='bbox 226 3229 369 3312; x_wconf 83' lang='lat' dir='ltr'><strong>inguinis</strong></span> <span class='ocrx_word' id='word_1_191' title='bbox 382 3233 415 3293; x_wconf 86' lang='lat' dir='ltr'><strong>et</strong></span> <span class='ocrx_word' id='word_1_192' title='bbox 429 3229 541 3313; x_wconf 91' lang='lat' dir='ltr'><strong>capitis</strong></span> <span class='ocrx_word' id='word_1_193' title='bbox 556 3250 636 3311; x_wconf 90' lang='lat' dir='ltr'><strong>quae</strong></span> <span class='ocrx_word' id='word_1_194' title='bbox 650 3230 717 3293; x_wconf 90' lang='lat' dir='ltr'><strong>sint</strong></span> <span class='ocrx_word' id='word_1_195' title='bbox 729 3230 926 3306; x_wconf 89' lang='lat' dir='ltr'><strong>discrimina,</strong></span> <span class='ocrx_word' id='word_1_196' title='bbox 941 3229 1043 3294; x_wconf 90' lang='lat' dir='ltr'><strong>nescit</strong></span> 
     </span>
    </p>

    <p class='ocr_par' dir='ltr' id='par_1_29' title="bbox 225 3326 1082 3409">
     <span class='ocr_line' id='line_1_31' title="bbox 225 3326 1082 3409; baseline 0.005 -21"><span class='ocrx_word' id='word_1_197' title='bbox 225 3326 359 3408; x_wconf 78' lang='lat' dir='ltr'><strong>grandia</strong></span> <span class='ocrx_word' id='word_1_198' title='bbox 373 3345 453 3409; x_wconf 88' lang='lat' dir='ltr'><strong>quae</strong></span> <span class='ocrx_word' id='word_1_199' title='bbox 466 3327 579 3390; x_wconf 88' lang='lat' dir='ltr'><strong>mediis</strong></span> <span class='ocrx_word' id='word_1_200' title='bbox 592 3327 656 3390; x_wconf 90' lang='lat' dir='ltr'><strong>iam</strong></span> <span class='ocrx_word' id='word_1_201' title='bbox 670 3329 817 3392; x_wconf 86' lang='lat' dir='ltr'><strong>noctibus</strong></span> <span class='ocrx_word' id='word_1_202' title='bbox 830 3331 933 3392; x_wconf 86' lang='lat' dir='ltr'><strong>ostrea</strong></span> <span class='ocrx_word' id='word_1_203' title='bbox 945 3327 1082 3405; x_wconf 86' lang='lat' dir='ltr'><strong>mordet,</strong></span> 
     </span>
    </p>

    <p class='ocr_par' dir='ltr' id='par_1_30' title="bbox 225 3425 1050 3508">
     <span class='ocr_line' id='line_1_32' title="bbox 225 3425 1050 3508; baseline 0.002 -21"><span class='ocrx_word' id='word_1_204' title='bbox 225 3444 300 3488; x_wconf 92' lang='lat' dir='ltr'><strong>cum</strong></span> <span class='ocrx_word' id='word_1_205' title='bbox 314 3425 444 3508; x_wconf 80' lang='lat' dir='ltr'><strong>perlusa</strong></span> <span class='ocrx_word' id='word_1_206' title='bbox 456 3445 544 3488; x_wconf 89' lang='lat' dir='ltr'><strong>mero</strong></span> <span class='ocrx_word' id='word_1_207' title='bbox 558 3429 709 3508; x_wconf 91' lang='lat' dir='ltr'><strong>spumant</strong></span> <span class='ocrx_word' id='word_1_208' title='bbox 723 3429 889 3507; x_wconf 85' lang='lat' dir='ltr'><strong>unguenta</strong></span> <span class='ocrx_word' id='word_1_209' title='bbox 902 3426 1050 3500; x_wconf 77' lang='lat' dir='ltr'><strong>Falerno,</strong></span> 
     </span>
    </p>

    <p class='ocr_par' dir='ltr' id='par_1_31' title="bbox 225 3521 1054 3603">
     <span class='ocr_line' id='line_1_33' title="bbox 225 3521 1054 3603; baseline 0.001 -17"><span class='ocrx_word' id='word_1_210' title='bbox 225 3541 300 3586; x_wconf 89' lang='lat' dir='ltr'><strong>oum</strong></span> <span class='ocrx_word' id='word_1_211' title='bbox 314 3521 436 3585; x_wconf 91' lang='lat' dir='ltr'><strong>bibitur</strong></span> <span class='ocrx_word' id='word_1_212' title='bbox 448 3522 579 3598; x_wconf 88' lang='lat' dir='ltr'><strong>concha,</strong></span> <span class='ocrx_word' id='word_1_213' title='bbox 596 3543 669 3586; x_wconf 92' lang='lat' dir='ltr'><strong>cum</strong></span> <span class='ocrx_word' id='word_1_214' title='bbox 683 3523 747 3585; x_wconf 85' lang='lat' dir='ltr'><strong>iam</strong></span> <span class='ocrx_word' id='word_1_215' title='bbox 761 3521 918 3603; x_wconf 79' lang='lat' dir='ltr'><strong>vertigine</strong></span> <span class='ocrx_word' id='word_1_216' title='bbox 931 3526 1054 3587; x_wconf 86' lang='lat' dir='ltr'><strong>tectum</strong></span> 
     </span>
    </p>

    <p class='ocr_par' dir='ltr' id='par_1_32' title="bbox 225 3619 1330 3800">
     <span class='ocr_line' id='line_1_34' title="bbox 225 3619 1330 3702; baseline 0.005 -19"><span class='ocrx_word' id='word_1_217' title='bbox 225 3619 369 3683; x_wconf 88' lang='lat' dir='ltr'><strong>ambulat</strong></span> <span class='ocrx_word' id='word_1_218' title='bbox 381 3623 415 3683; x_wconf 87' lang='lat' dir='ltr'><strong>et</strong></span> <span class='ocrx_word' id='word_1_219' title='bbox 427 3621 563 3700; x_wconf 86' lang='lat' dir='ltr'><strong>geminis</strong></span> <span class='ocrx_word' id='word_1_220' title='bbox 576 3621 718 3702; x_wconf 80' lang='lat' dir='ltr'><strong>exsurgit</strong></span> <span class='ocrx_word' id='word_1_221' title='bbox 731 3640 840 3683; x_wconf 89' lang='lat' dir='ltr'><strong>mensa</strong></span> <span class='ocrx_word' id='word_1_222' title='bbox 852 3619 1001 3684; x_wconf 84' lang='lat' dir='ltr'><strong>lucernis.</strong></span> <span class='ocrx_word' id='word_1_223' title='bbox 1265 3623 1330 3688; x_wconf 79' lang='grc' dir='ltr'><strong>3οὅ</strong></span> 
     </span>
     <span class='ocr_line' id='line_1_35' title="bbox 226 3714 939 3800; baseline 0.004 -22"><span class='ocrx_word' id='word_1_224' title='bbox 226 3714 238 3778; x_wconf 96' lang='lat' dir='ltr'><strong>i</strong></span> <span class='ocrx_word' id='word_1_225' title='bbox 252 3720 385 3781; x_wconf 89' lang='lat' dir='ltr'><strong>nuncet</strong></span> <span class='ocrx_word' id='word_1_226' title='bbox 399 3717 522 3793; x_wconf 86' lang='lat' dir='ltr'><strong>dubita,</strong></span> <span class='ocrx_word' id='word_1_227' title='bbox 539 3736 603 3800; x_wconf 90' lang='lat' dir='ltr'><strong>qua</strong></span> <span class='ocrx_word' id='word_1_228' title='bbox 616 3717 741 3780; x_wconf 86' lang='lat' dir='ltr'><strong>sorbeat</strong></span> <span class='ocrx_word' id='word_1_229' title='bbox 753 3737 826 3782; x_wconf 89' lang='lat' dir='ltr'><strong>aera</strong></span> <span class='ocrx_word' id='word_1_230' title='bbox 838 3737 939 3781; x_wconf 87' lang='lat' dir='ltr'><strong>sanna</strong></span> 
     </span>
    </p>
   </div>
   <div class='ocr_carea' id='block_1_5' title="bbox 226 3811 955 3896">
    <p class='ocr_par' dir='ltr' id='par_1_33' title="bbox 226 3811 955 3896">
     <span class='ocr_line' id='line_1_36' title="bbox 226 3811 955 3896; baseline 0.005 -21"><span class='ocrx_word' id='word_1_231' title='bbox 226 3811 345 3890; x_wconf 73' lang='lat' dir='ltr'><strong>Tullia,</strong></span> <span class='ocrx_word' id='word_1_232' title='bbox 361 3812 439 3896; x_wconf 89' lang='lat' dir='ltr'><strong>quid</strong></span> <span class='ocrx_word' id='word_1_233' title='bbox 453 3812 541 3879; x_wconf 85' lang='lat' dir='ltr'><strong>dicat</strong></span> <span class='ocrx_word' id='word_1_234' title='bbox 553 3817 647 3888; x_wconf 88' lang='lat' dir='ltr'><strong>notae</strong></span> <span class='ocrx_word' id='word_1_235' title='bbox 660 3814 812 3879; x_wconf 87' lang='lat' dir='ltr'><strong>collactea</strong></span> <span class='ocrx_word' id='word_1_236' title='bbox 825 3814 955 3879; x_wconf 79' lang='lat' dir='ltr'><strong>Maurae</strong></span> 
     </span>
    </p>
   </div>
   <div class='ocr_carea' id='block_1_6' title="bbox 0 0 1460 4284">
    <p class='ocr_par' dir='ltr' id='par_1_34' title="bbox 0 0 1460 4284">
     <span class='ocr_line' id='line_1_37' title="bbox 0 0 1460 4284; baseline 0 2"><span class='ocrx_word' id='word_1_237' title='bbox 0 0 1460 4284; x_wconf 95' lang='lat' dir='ltr'><strong> </strong></span> 
     </span>
    </p>
   </div>
  </div>
 </body>
</html>
