2909 4284
241 281 285 364 98
613 284 646 332 D.
670 283 768 332 mm
788 279 982 332 mmm

244 455 335 501 mene
347 439 381 502 et
393 455 436 502 eu
448 436 510 502 hoo
523 434 572 500 illi
585 433 712 500 ieoiuur
724 433 873 499 meret
885 430 1011 516 Apollo.

243 533 385 598 reddidit
398 553 473 616 ergo
486 538 587 610 metu,
603 551 669 596 nou
682 531 836 608 moribus,
851 534 885 596 et
897 535 1006 594 temen
1018 543 1147 592 omnem

243 650 353 694 rooem
366 629 454 712 edyti
468 629 599 713 digneru
616 629 737 714 templo
749 648 921 712 roremque
933 624 1081 710 probevit
1281 623 1340 686 205

243 727 405 791 extinctus
418 731 487 793 tote
499 727 619 811 puriter
631 747 707 792 oum
720 728 811 812 prole
823 727 982 807 domoque
1026 783 1033 795 .

244 830 278 889 et
291 825 438 908 quemvis
449 825 546 909 louge
557 825 704 890 deduotie
717 829 814 908 geute
826 821 1027 907 propinquis.

242 922 301 986 hee
313 923 437 1006 petitur
449 943 567 1006 poenae
579 921 732 1007 peeooudi
745 923 812 987 eolo
823 922 984 986 voluntte.

243 1039 319 1082 uem
333 1021 435 1084 eoelue
448 1019 534 1084 intre
547 1040 580 1084 ee
592 1020 730 1084 teuitum
743 1018 800 1102 qui
813 1019 935 1101 cogitet
947 1017 1066 1094 ullum,

242 1117 321 1180 laeti
335 1117 456 1182 crimen
468 1117 575 1181 hebet.
618 1117 696 1182 eodo
709 1117 737 1181 si
750 1120 864 1181 eouete
875 1113 1009 1199 peregit

243 1219 398 1296 perpetuo
410 1213 564 1291 euxiotue,
580 1235 639 1279 neo
652 1233 779 1278 meueee
793 1217 937 1296 tempore
949 1211 1051 1276 aaut

242 1310 390 1375 leuoibue
404 1315 443 1374 ut
456 1311 567 1376 morbo
580 1311 670 1376 eiooie
684 1311 834 1393 interque
847 1309 985 1373 moleret

243 1407 367 1472 difficili
381 1413 540 1474 oreeoente
553 1409 635 1485 cibo,
651 1409 706 1473 eod
719 1408 796 1472 riue
808 1405 953 1472 misellus

242 1505 366 1588 expuit,
382 1505 501 1569 Albani
515 1505 630 1570 veteris
642 1505 780 1588 pretioue
793 1508 939 1568 enectus

242 1601 404 1684 dieplioet3
425 1603 572 1667 oetendee
584 1603 710 1678 melius,
725 1601 913 1666 deueieeime
924 1619 1009 1684 ruge

242 1699 368 1782 cogitur
381 1698 417 1762 in
430 1701 569 1765 montem
583 1700 673 1764 velut
685 1699 751 1763 aori
764 1699 864 1763 duote
876 1697 1022 1764 Falerno.

242 1801 335 1861 noete
348 1797 475 1860 brevem
489 1797 516 1862 ei
529 1798 614 1862 sorte
626 1796 764 1860 indulsit
776 1816 855 1860 oure
867 1813 1013 1878 soporem

242 1896 276 1956 et
287 1897 358 1957 toto
372 1898 495 1958 vereete
507 1897 578 1958 toro
590 1893 656 1958 iem
669 1893 812 1957 membre
825 1892 1007 1974 quieeouut,

242 1989 397 2054 ooutiuuo
410 1991 569 2074 templum
581 1994 615 2054 et
627 1989 739 2054 rioluti
751 1988 896 2053 numinis
909 2008 979 2053 eree

242 2090 275 2150 et
289 2087 374 2168 quod
388 2086 567 2170 praecipuis
579 2090 722 2151 mentem
737 2086 908 2151 sudoribus
919 2087 1050 2168 urguet,

242 2188 275 2246 te
288 2183 424 2247 videtin
438 2185 570 2262 somnie3
592 2187 650 2248 tue
662 2203 751 2248 eeore
763 2187 797 2248 et
809 2183 911 2247 molor
923 2182 1030 2266 imego

242 2279 383 2343 humone
397 2280 506 2345 turbet
519 2281 672 2362 pavidum
685 2280 836 2363 cogitque
847 2281 954 2344 deteri

242 2374 277 2438 hi
292 2378 368 2439 runt
382 2376 439 2457 qui
452 2377 617 2459 trepident
630 2380 664 2440 et
676 2377 717 2440 ed
732 2376 840 2441 omuie
852 2377 987 2458 fulgure
998 2375 1136 2459 pellent,

242 2490 317 2534 eum
330 2474 431 2547 tonet,
447 2473 602 2537 exanimis
614 2473 719 2556 primo
734 2493 861 2555 quoque
874 2492 1042 2536 murmure
1054 2469 1147 2548 meli,

242 2586 308 2630 nou
322 2567 412 2648 queei
424 2568 580 2634 fortuitus
592 2589 652 2634 neo
664 2574 837 2635 ventorum
850 2569 938 2635 rebie
951 2569 1008 2634 sed

242 2663 344 2726 iretue
356 2665 450 2728 cedet
463 2665 497 2728 iu
511 2671 610 2730 terrae
622 2671 656 2731 et
668 2667 791 2730 iudicet
804 2666 899 2748 ignit.

242 2759 298 2822 ille
310 2759 393 2823 nihil
407 2762 529 2837 noouit,
546 2783 623 2826 oure
636 2762 779 2843 graviore
792 2763 928 2828 timetur

241 2855 387 2937 proxime
400 2862 570 2939 tempestae
582 2860 673 2923 velut
686 2859 748 2924 hoo
760 2860 862 2924 dilate
874 2880 997 2925 sereno.

241 2957 402 3033 praetereo
414 2953 522 3017 leterie
535 2955 626 3036 vigili
640 2975 714 3019 eum
727 2956 817 3020 febre
830 2956 974 3024 dolorem

243 3047 268 3110 ei
282 3067 410 3130 coepere
423 3049 502 3130 peti,
518 3050 650 3114 missum
663 3051 705 3116 ed
718 3072 777 3116 sue
789 3055 923 3135 oorpo‘re
935 3055 1087 3119 morbum

242 3143 358 3207 iuleeto
372 3145 507 3208 eredunt
520 3165 539 3210 e
551 3147 695 3223 numine,
711 3168 787 3214 euru
799 3150 934 3214 deorum

241 3237 320 3302 heee
332 3242 365 3302 et
378 3240 442 3303 telo
453 3244 582 3322 putent.
624 3245 780 3323 peeudem
793 3248 950 3328 spondere
964 3248 1081 3314 reeello

241 3335 401 3400 balantem
415 3339 448 3400 et
461 3337 595 3403 Ireribue
607 3339 736 3404 eristum
749 3343 939 3424 promittere
952 3345 1031 3427 gelli

241 3452 308 3495 non
320 3434 454 3511 eudeut3
476 3435 554 3515 quid
567 3436 654 3499 enim
667 3457 791 3521 sperare
806 3443 998 3507 noeentibue
1010 3443 1116 3525 uegrle

241 3533 447 3592 conoessum?
487 3532 536 3595 vel
550 3553 630 3614 quee
643 3555 708 3598 nou
722 3538 852 3620 dignior
866 3541 973 3604 hostie
985 3541 1079 3606 rite?

242 3625 366 3687 mobilis
379 3627 511 3690 etruria
524 3633 571 3692 eet
584 3632 684 3695 ferme
697 3638 813 3698 nature
826 3637 1003 3716 mulorum3

242 3739 316 3782 eum
329 3721 429 3784 eoelue
442 3724 630 3802 admittunt,
646 3735 788 3810 eupereet
801 3735 997 3800 eoueteutie:
1019 3736 1110 3819 quod
1124 3735 1177 3800 iu
