2909 4284
266 320 310 388 94
636 301 668 351 D.
693 300 759 350 ivn
761 300 790 347 11
812 292 1002 346 numus

268 471 412 537 quaeque
425 455 575 520 coronata
587 451 717 518 lustrari
730 449 846 517 debeat
857 465 950 532 agna

266 549 431 634 egregium
445 555 657 634 metumque
670 549 778 614 virum
791 547 819 612 ei
832 565 939 622 cerne,
954 537 1122 606 bimembri

266 649 327 713 hoe
340 651 520 713 monstrum
534 668 635 732 puero
647 648 697 712 rel
711 644 866 710 mirandis
879 643 939 708 sub
951 644 1057 705 aratro

266 746 405 829 piscibus
419 745 558 811 inventis
570 749 606 810 et
618 746 703 810 letae
716 762 867 826 compare
879 740 996 816 mulae,

266 843 432 921 sellicitus,
447 847 613 928 tamquam
626 842 749 926 lapides
762 838 913 906 effuderit
925 836 1027 901 imber

266 961 461 1023 examenque
474 941 585 1024 apium
597 941 696 1024 lunga
709 938 888 1005 consederit
901 955 964 1000 ura

266 1036 406 1102 culmina
419 1038 556 1115 delubri,
572 1042 739 1123 tamqnam
754 1037 789 1100 in
803 1055 890 1100 mare
903 1030 1035 1096 fluxerit
1047 1027 1152 1094 amnis

265 1134 447 1216 gurgitibus
460 1135 550 1200 miris
563 1139 597 1200 et
611 1135 702 1200 lactis
715 1133 834 1199 vertice
847 1137 982 1196 terreus.

306 1231 484 1316 intercepta
496 1233 606 1296 decern
621 1232 764 1316 quereris
777 1229 922 1295 mtertia
934 1227 1050 1292 fraude

266 1327 426 1409 sacrilega.
470 1328 549 1410 qnid
562 1329 589 1392 si
603 1329 652 1393 bis
665 1332 800 1393 centum
813 1326 956 1411 perdidit
969 1324 1050 1389 alter

265 1423 326 1489 hoa
338 1444 452 1489 arcana
465 1425 585 1488 mode?
624 1426 777 1489 maiorem
790 1424 906 1488 tertius
920 1422 977 1486 illa

266 1540 433 1599 summam,
451 1541 547 1603 quam
561 1523 690 1604 patulae
703 1522 758 1588 vix
772 1525 901 1604 ceperat
912 1519 1053 1602 angulus
1065 1517 1183 1582 meae?

265 1621 333 1681 tam
346 1617 439 1682 facile
452 1622 485 1682 et
498 1637 638 1700 pronum
650 1624 699 1683 est
712 1638 844 1701 superes
856 1625 1060 1682 contemnere
1074 1617 1182 1688 testea

266 1714 293 1779 si
306 1713 448 1779 mortalia
461 1714 545 1778 idem
561 1735 654 1780 nemo
668 1716 758 1780 sciat
801 1715 907 1798 aspice
921 1718 1043 1796 quanta

265 1831 340 1876 voce
353 1817 458 1894 neget,
475 1831 556 1894 quac
570 1813 613 1876 sit
627 1814 694 1877 fleti
708 1813 889 1877 constantia
901 1813 1022 1876 vultus.

264 1927 323 1991 per
335 1909 417 1973 Solis
430 1909 534 1973 radice
547 1910 747 1994 Tarpeiaque
761 1910 902 1974 fulmina
915 1909 1002 1972 iurat

265 2007 299 2068 et
312 2005 424 2068 Martis
437 2007 590 2070 frameam
604 2011 637 2071 et
651 2007 796 2071 Cirrhaei
809 2006 934 2090 spicula
946 2006 1039 2082 vatis,

264 2119 322 2183 per
335 2101 470 2165 calamos
481 2101 651 2166 venatricis
663 2103 911 2186 pharetramque
924 2103 1051 2186 puellae

265 2215 384 2277 perque
398 2201 503 2274 tuum,
519 2203 612 2282 pater
625 2200 745 2282 Aegaei
761 2201 925 2283 Neptune,
941 2200 1131 2274 tridentem,

265 2291 356 2355 addit
369 2296 402 2355 et
416 2292 590 2359 Herculeos
602 2316 695 2360 arcus
708 2297 898 2379 hastamque
912 2297 1088 2371 Minervae,

266 2387 423 2469 quidquid
437 2389 556 2454 habent
569 2393 707 2456 telorum
721 2393 968 2458 armamentaria
980 2392 1071 2457 caeli.

266 2483 292 2544 si
306 2502 378 2547 vero
392 2494 425 2548 et
437 2491 528 2566 pater
540 2491 599 2566 est,
619 2489 822 2554 ‘comedam'
837 2490 947 2572 inquit
963 2489 1089 2554 ‘flebile
1102 2487 1174 2552 nati
1234 2535 1237 2541 2

265 2578 406 2661 sinciput
418 2581 494 2644 elixi
509 2583 689 2668 Pharioque
703 2587 863 2651 madentis
875 2587 991 2652 eeeto.’

305 2679 381 2738 eunt
393 2677 429 2739 in
441 2678 590 2744 fortunae
604 2681 661 2762 qui
674 2683 799 2746 casibus
812 2683 921 2747 omnia
933 2685 1060 2766 ponant

264 2774 298 2832 et
311 2771 400 2834 nullo
413 2775 544 2838 credant
557 2779 716 2841 mundum
730 2784 852 2843 rectore
865 2779 986 2844 mereri

266 2869 380 2928 natura
393 2869 537 2934 volvente
550 2873 633 2936 vices
646 2878 679 2938 et
692 2875 774 2939 lueis
786 2880 820 2939 et
833 2876 923 2952 anni,

266 2962 361 3042 atque
374 2961 445 3025 idco
459 2963 611 3048 intrepidi
626 2989 845 3054 quaecumque
858 2973 973 3038 altaria
985 2978 1143 3056 tangunt.

265 3061 314 3120 est
325 3056 406 3120 alius
419 3063 563 3125 metuens
577 3083 617 3128 ne
631 3066 751 3130 crimen
765 3088 869 3151 poena
881 3075 1045 3152 sequatur,

265 3152 319 3215 hie
332 3156 426 3233 putat
438 3175 504 3218 esse
517 3158 590 3221 deos
603 3164 637 3223 et
650 3163 781 3242 peierat,
797 3170 895 3248 utque
909 3166 956 3230 ita
969 3187 1094 3231 secum:

267 3248 434 3312 ‘decernat
448 3252 670 3337 quodcumque
683 3261 770 3323 volet
782 3264 823 3326 de
837 3283 968 3345 corpore
982 3267 1094 3329 nostre

265 3343 325 3406 Isis
337 3348 370 3407 et
383 3344 465 3409 irato
478 3347 574 3412 feriat
586 3371 656 3416 mea
668 3354 793 3422 lumina
805 3359 911 3435 sistro,

264 3440 437 3504 dnmmodo
451 3443 501 3506 rel
515 3464 625 3510 caecus
638 3452 762 3515 teneam
776 3474 857 3536 quos
869 3457 993 3539 abnego
1005 3479 1171 3526 nummos.

263 3538 297 3597 et
310 3535 447 3615 phthisis
460 3542 493 3602 et
507 3542 645 3606 vomicae
658 3552 768 3626 putres
781 3556 815 3613 et
827 3552 1002 3624 dimidium
1017 3576 1093 3619 crus

264 3634 340 3692 sunt
354 3633 445 3695 tanti.
489 3653 609 3718 pauper
622 3637 813 3720 locupletem
827 3653 938 3728 optans
951 3645 1132 3734 podagram

264 3743 322 3788 nec
335 3725 462 3790 dubitet
476 3729 587 3806 ladas
603 3733 631 3796 si
645 3753 709 3798 non
723 3744 795 3819 eget
809 3742 966 3826 Anticyra
979 3765 1041 3814 nec
