2909 4284
219 319 258 380 10
587 327 620 380 D·
643 327 743 380 1vu11
763 328 954 379 mnsam

214 479 294 542 bueo
309 477 432 564 tetigit,
450 478 600 558 Gredive,
614 483 689 546 tuos
703 479 811 546 urtica
823 477 988 564 nepotes?

214 576 357 640 traditur
373 596 447 643 ecoe
461 578 530 643 viro
544 578 651 643 clarus
664 582 895 662 generosique
909 576 1025 660 opibus
1037 574 1099 655 sir,

213 695 275 740 nec
288 675 414 758 galeam
429 695 570 760 quassae,
586 696 647 740 uec
661 681 782 740 terram
796 676 932 758 cuspide
946 675 1065 758 pulsae,

213 793 274 837 nec
289 773 433 856 quereris
448 773 534 856 patri
549 773 565 838 i
605 775 686 838 vade
701 794 778 857 ergo
792 778 826 838 et
840 773 919 838 oede
933 771 1035 836 severi

213 870 381 953 iugeribus
397 871 513 954 campi,
532 891 629 954 quem
643 871 798 954 neglegis.
845 876 856 907 ‘
865 869 1007 934 officium
1021 887 1091 932 crae

213 967 319 1050 primo
334 968 400 1032 sole
417 968 497 1031 mihi
512 970 735 1051 peragendum
749 968 784 1031 in
798 968 882 1032 valle
897 965 1049 1044 Quirini!

214 1084 297 1149 quae
312 1085 408 1130 causa
422 1064 519 1130 officii
535 1066 550 1152 i
593 1065 690 1148 ‘quid
703 1065 832 1149 quaeris
845 1065 860 1129 l
898 1063 997 1128 nubit
1009 1062 1133 1129 amioue

214 1181 275 1227 uec
288 1163 411 1227 multos
425 1162 585 1229 adhibet!
625 1163 722 1228 liceat
737 1163 835 1228 modo
849 1161 957 1228 vivere
971 1181 980 1225 ι
1001 1161 1094 1236 fient,

214 1261 295 1324 fient
308 1259 372 1324 ista
387 1260 505 1344 polam,
523 1259 659 1343 cupient
673 1264 706 1324 et
720 1260 756 1324 in
770 1264 844 1324 acta
857 1257 983 1323 referri.

214 1357 339 1421 interea
354 1360 556 1421 tormentum
571 1357 686 1440 ingens
701 1357 901 1422 nubentibus
913 1355 1037 1430 haeret,

214 1454 303 1537 quod
316 1458 482 1537 nequeant
496 1472 610 1536 parere
625 1459 659 1517 et
673 1458 771 1537 partu
785 1453 927 1517 retinere
941 1450 1086 1518 maritos.

215 1551 273 1614 sed
286 1549 413 1626 melius,
430 1551 519 1635 quod
533 1549 582 1614 nil
595 1551 713 1615 animis
727 1550 763 1614 in
777 1570 913 1634 corpora
925 1547 1006 1617 iuris

214 1652 333 1713 natura
347 1647 499 1732 indulget
514 1669 522 1713 ε
544 1648 670 1712 steriles
684 1647 882 1725 moriuntur,
898 1650 932 1711 et
945 1645 1012 1711 illis

214 1745 348 1828 turgida
362 1766 430 1809 non
444 1747 577 1829 prodest
591 1745 725 1810 condita
738 1745 857 1828 pyxide
872 1744 973 1826 Lyde,

214 1863 276 1906 nec
290 1842 422 1926 prodest
438 1843 515 1926 agili
529 1843 653 1926 palmas
668 1843 822 1925 praebere
834 1841 979 1924 luperco.

215 1939 295 2004 vicit
309 1943 342 2004 et
357 1940 419 2004 hoc
434 1943 616 2004 monstrum
630 1939 771 2003 tunicati
785 1938 915 2003 fuscina
925 1934 1074 2013 Gracchi,

214 2036 433 2119 lustravitque
447 2038 529 2120 iuga
542 2037 683 2101 mediam
696 2036 859 2119 gladiator
871 2035 1027 2099 harenum

216 2139 250 2198 et
265 2132 459 2216 Capitolinis
473 2134 658 2216 generosior
672 2139 706 2197 et
721 2132 883 2197 Marcellis

216 2235 250 2295 et
265 2230 374 2295 Oatuli
391 2230 550 2314 Paulique
564 2230 744 2295 minoribus
758 2235 792 2293 et
806 2229 915 2294 Fabiis
929 2232 963 2293 et

216 2328 367 2392 omnibus
382 2328 424 2392 ad
437 2327 574 2410 podium
588 2327 823 2410 spectantibus,
839 2325 890 2391 hie
903 2325 982 2391 licet
995 2325 1103 2410 ipsum

215 2426 387 2491 admoveas
403 2424 496 2488 cuius
508 2430 592 2490 tunc
606 2444 741 2489 munere
754 2425 838 2488 retia
850 2423 951 2488 misit.

257 2541 324 2586 esse
339 2522 464 2606 aliquos
480 2542 591 2586 manee
605 2527 639 2586 et
653 2523 866 2586 subterranea
879 2541 980 2604 regna

216 2623 251 2684 et
264 2622 401 2688 contum
415 2623 449 2684 et
463 2618 577 2702 Stygio
590 2639 685 2683 ranas
699 2619 735 2682 in
749 2619 880 2702 gurgite
894 2619 1003 2700 nigrae

216 2721 315 2800 atque
330 2737 396 2781 uua
409 2717 548 2781 transire
562 2718 682 2781 vedum
696 2720 749 2781 tot
762 2715 853 2779 milia
867 2716 986 2780 cumba

216 2834 277 2880 neo
291 2814 384 2897 pueri
400 2815 551 2889 credunt,
567 2814 631 2878 nisi
646 2813 702 2896 qui
718 2814 865 2877 nondum
879 2832 952 2876 aere
964 2813 1129 2878 lavantur,

216 2912 273 2976 sed
288 2916 327 2974 tu
341 2930 416 2975 vera
430 2915 521 2993 puta.
568 2910 686 2976 Curius
701 2910 781 2992 quid
796 2909 898 2973 sentit
911 2913 946 2972 et
958 2909 1054 2974 ambo

218 3007 397 3091 Scipiadae,
415 3007 495 3090 quid
509 3007 678 3072 Fabricius
692 3027 869 3090 manesque
885 3006 1025 3084 Oamilli,

217 3106 298 3189 quid
314 3105 483 3169 Cremerae
496 3104 583 3186 legio
598 3109 631 3168 et
646 3105 768 3169 Cannis
782 3108 977 3187 cousumpta
990 3104 1155 3183 iuventus,

217 3209 269 3268 tot
283 3203 442 3269 bellorum
456 3202 593 3278 animae,
611 3202 762 3285 quotiens
776 3203 853 3266 hinc
868 3202 943 3266 talis
957 3202 1000 3264 ad
1012 3201 1086 3265 illos

218 3302 333 3366 umbra
346 3300 437 3365 venit
451 3300 466 3364 i
507 3306 666 3382 cuperent
679 3300 823 3376 lustrari,
840 3299 868 3363 si
882 3320 947 3382 qua
961 3299 1119 3365 darentur

218 3399 352 3481 sulpura
366 3418 442 3461 cum
456 3397 560 3462 taedis
574 3402 608 3461 et
622 3398 649 3461 si
663 3397 750 3461 foret
764 3397 876 3461 umidu
888 3398 1010 3460 laurus.

217 3496 286 3559 illic
299 3495 365 3559 heu
380 3495 488 3558 miseri
502 3495 716 3559 traducimur.
760 3515 850 3558 urmu
865 3494 997 3576 quidem
1010 3494 1099 3558 ultra

217 3593 315 3657 litora
330 3593 488 3656 Iuvernae
503 3591 723 3675 promovimus
738 3597 772 3655 et
786 3593 882 3655 modo
897 3596 1008 3674 captas

220 3689 361 3754 Orcadas
375 3709 413 3753 ac
428 3689 564 3752 minima
578 3693 751 3752 contentos
764 3692 863 3765 nocte
876 3688 1063 3765 Britannos,

219 3787 276 3853 sed
290 3805 372 3868 quae
386 3805 476 3849 nunc
490 3775 604 3869 populi
618 3787 703 3849 fiunt
718 3785 851 3850 uictoris
864 3784 899 3848 in
914 3785 1006 3861 urbe,
1023 3829 1025 3833 ·
