2909 4284
556 297 557 302 ’
601 307 736 358 servas
757 309 781 357 x

138 480 205 525 non
218 460 329 526 eadem
341 458 410 525 vini
422 457 519 544 atque
532 458 596 525 cibi
610 463 757 545 torpente
770 461 876 546 pelato

138 559 267 642 gaudia.
310 569 386 622 num
400 559 502 622 coitus
516 557 580 622 iam
594 559 690 642 longa
704 560 833 638 oblivio,
848 559 940 626 volui

137 659 270 734 coneris,
288 657 369 720 iacet
382 657 516 738 exiguus
529 676 604 720 cum
618 658 735 722 ramice
749 679 865 724 nervus

137 761 173 821 et
186 756 330 840 quamvis
344 759 412 820 tota
425 755 574 837 palpetur
588 760 690 833 nocte,
707 757 831 822 lucebit.

137 875 223 919 anne
236 852 357 937 aliquid
371 873 495 935 sperare
509 857 614 936 potest
627 855 706 920 haec
720 855 863 936 inguinis
876 854 963 939 aegri

137 956 296 1020 canities?
336 954 415 1037 quid
430 954 514 1037 quod
528 955 642 1018 merito
655 959 802 1036 suspecta
814 955 915 1020 libido
926 959 976 1020 est

138 1074 221 1136 quae
234 1074 380 1118 venerem
393 1055 533 1118 montet
547 1053 614 1117 sine
629 1053 773 1118 viribus?
812 1054 917 1137 aspice
929 1052 1030 1138 partia

137 1171 227 1216 nunc
241 1153 395 1215 damnum
408 1151 550 1216 alterius.
593 1171 669 1216 nem
683 1171 764 1234 quae
777 1155 927 1216 cantunte
941 1151 1098 1236 voluptas,

137 1249 182 1312 sit
194 1249 272 1313 licet
284 1250 429 1325 eximius,
445 1249 628 1314 citharoedo
642 1249 707 1314 eive
722 1250 855 1314 Selenen

137 1351 171 1411 et
185 1348 301 1430 quibus
314 1351 425 1412 eurota
438 1367 506 1411 mos
518 1351 567 1412 est
580 1348 704 1430 dulgere
717 1347 867 1412 lacerna?

138 1445 219 1526 quid
232 1446 341 1521 refert,
357 1445 466 1528 magni
479 1446 587 1509 aedeut
601 1465 664 1527 qua
677 1450 769 1528 porte
783 1444 901 1517 theatri

138 1542 195 1624 qui
210 1542 265 1606 vix
277 1542 453 1608 cornicines
466 1542 614 1608 exaudiet
626 1547 723 1625 atque
738 1543 890 1606 tubarum

136 1643 335 1706 concentus?
375 1641 510 1705 clamore
524 1660 604 1722 opus
617 1643 675 1716 eet,
692 1643 730 1703 ut
743 1640 860 1703 sentiet
873 1639 959 1706 auris

137 1757 234 1819 quem
249 1738 335 1801 dicet
347 1737 468 1802 venisse
482 1757 572 1820 puer,
588 1741 668 1820 quot
681 1737 812 1801 nuntiet
824 1737 929 1800 horus.

136 1838 300 1917 praeterea
313 1835 465 1899 minimus
478 1835 584 1918 gelido
598 1834 662 1898 iam
676 1834 711 1897 in
725 1854 856 1917 corpore
870 1833 999 1918 sanguis

135 1931 227 1995 sobre
240 1933 321 1996 calet
334 1932 409 2007 sola,
424 1931 615 1995 circumsilit
627 1931 755 2014 agmine
768 1932 855 1996 lacto

135 2029 321 2093 morborum
335 2049 429 2096 omne
441 2050 553 2112 genus,
570 2049 707 2112 quorum
721 2028 749 2093 si
763 2029 894 2095 nomina
907 2049 1049 2112 quaeres,

135 2127 319 2211 promptius
332 2127 496 2210 expedism
511 2132 589 2209 quot
603 2126 757 2190 amaverit
771 2126 876 2209 Oppia
888 2127 1046 2203 moechos,

136 2227 218 2306 quot
232 2225 404 2288 Themison
418 2245 527 2306 aegros
539 2227 696 2288 autumno
708 2225 862 2288 occiderit
874 2244 952 2301 uno,

136 2325 218 2405 quot
231 2322 355 2385 Basilus
369 2322 477 2398 socios,
494 2327 573 2405 quot
586 2321 870 2405 circumscripserit
883 2321 1002 2388 Hirrus

134 2419 288 2504 pupillos,
305 2423 384 2503 quot
396 2420 492 2502 longa
504 2419 589 2484 viros
602 2421 751 2484 exorbeat
764 2440 830 2484 uno

135 2517 252 2582 Maura
264 2517 327 2594 die,
344 2522 422 2600 quot
436 2517 608 2600 discipulos
621 2517 757 2582 inclinet
770 2517 943 2594 Hamillus,

134 2635 320 2699 percurram
334 2615 429 2678 citius
443 2621 521 2698 quot
534 2616 625 2680 villus
638 2615 799 2698 possideat
813 2635 900 2679 nuno

136 2734 201 2796 quo
215 2713 369 2794 tondente
382 2712 487 2796 gravis
500 2711 608 2776 iuveni
622 2712 703 2776 mihi
717 2712 814 2776 barba
826 2713 968 2777 sonabat.

135 2811 190 2875 ille
204 2829 326 2886 umero,
342 2809 396 2874 hic
409 2810 537 2886 lumbis,
553 2810 607 2874 hio
620 2830 698 2874 coxo
712 2810 840 2888 debilis3
861 2811 971 2874 umbos

134 2907 280 2991 perdidit
292 2907 346 2970 ille
359 2907 467 2970 oculos
479 2909 513 2970 et
526 2906 622 2971 luscis
636 2906 774 2984 invidet3
795 2906 893 2971 huius

134 3005 257 3088 pallida
270 3004 357 3068 labra
370 3004 479 3068 cibum
492 3003 654 3087 accipiunt
667 3004 778 3087 digitis
791 3004 913 3081 alienis,

133 3103 203 3186 ipse
218 3102 259 3166 ed
273 3105 478 3185 conspectum
491 3099 586 3166 cenae
600 3101 749 3166 diducere
763 3101 882 3165 rictum

134 3205 246 3265 suetus
259 3199 329 3265 hiat
342 3204 471 3265 tentum
484 3221 542 3264 ceu
556 3199 665 3282 pullus
678 3200 873 3277 hirundinis,
889 3201 931 3265 ed
944 3221 1038 3285 quem
1055 3247 1058 3251 >

134 3319 189 3363 ore
202 3298 291 3364 volat
304 3299 399 3381 pleno
411 3301 514 3362 mator
527 3297 644 3362 ieiuna.
688 3298 744 3362 sed
759 3298 847 3362 omni

134 3397 352 3463 membrorum
365 3398 483 3462 domno
496 3396 597 3460 maior
610 3396 782 3472 dementia,
799 3415 880 3478 quoe
893 3416 953 3462 neo

133 3497 267 3562 nomine
281 3516 443 3561 serrorum
457 3516 516 3559 nec
529 3496 656 3559 vultum
669 3493 814 3577 agnoscit
826 3492 922 3558 amici

133 3617 209 3662 com
224 3615 289 3678 quo
302 3593 472 3678 praeterita
486 3593 611 3657 cenavit
623 3596 728 3668 nocte,
745 3613 804 3656 nec
817 3592 889 3655 illos

134 3714 214 3777 quos
228 3691 353 3775 gennit,
370 3711 449 3775 quos
462 3691 584 3756 eduxit.
626 3709 702 3755 nam
716 3689 823 3754 codice
836 3708 929 3755 saevo

133 3790 267 3858 heredes
279 3793 368 3856 vetut
380 3811 445 3856 esse
458 3809 541 3867 enos,
557 3789 640 3854 boue
653 3793 720 3853 tota
734 3788 885 3853 feruntur
982 3873 985 3878 ,
