2909 4284
595 329 729 378 sarm
752 331 806 378 111

145 482 204 548 ille
216 502 275 570 nec
288 488 458 565 argentum
472 483 640 548 dubitabat
653 483 794 559 mittere,
809 482 915 549 lancee

146 581 322 644 Parthenio
335 581 445 657 iactas,
462 600 561 644 urnae
575 584 698 644 cratera
711 599 857 662 capacem

145 684 179 741 ct
194 679 330 760 dignum
345 679 472 743 sitiente
487 679 588 742 Pholo
601 679 652 742 vel
666 678 802 759 coniuge
816 678 926 757 Fusoi3

145 777 230 838 adde
244 779 277 838 et
290 776 461 840 bascaudas
474 780 507 840 et
520 777 609 839 mille
624 775 753 850 escaria,
769 777 911 839 multum

145 872 270 948 caelati,
287 873 409 936 biberat
423 893 487 956 quo
501 873 635 937 callidus
649 877 775 956 emptor
789 872 933 954 Olynthi.

145 971 202 1034 sad
217 971 288 1053 quis
302 991 390 1034 nunc
402 971 495 1047 alius,
512 991 576 1053 qua
588 970 704 1034 mundi
717 974 809 1053 parte
823 970 894 1052 quis
907 970 1004 1034 audet

144 1072 280 1150 argento
292 1069 451 1151 praeferre
465 1076 563 1150 caput
576 1069 735 1149 rebusque
748 1068 907 1131 salutem?

144 1185 213 1228 non
228 1169 357 1249 propter
370 1166 470 1229 vitam
483 1164 610 1229 iaciunt
623 1165 817 1248 patrimonia
831 1164 973 1246 quidam,

145 1265 203 1327 sed
217 1263 298 1327 vitio
310 1263 393 1327 caeci
407 1266 538 1346 propter
549 1263 745 1345 patrimonia
758 1263 884 1327 vivunt.

144 1361 286 1424 iactatur
298 1381 406 1424 rerum
420 1361 551 1424 utilium
564 1380 637 1443 pars
652 1361 800 1436 maxima,
816 1361 871 1424 sed
885 1380 944 1424 nec

145 1459 266 1522 damna
277 1459 393 1522 levant.
438 1462 517 1521 tunc
530 1457 669 1522 adversis
683 1459 895 1540 urguentibus
908 1458 986 1522 illuc

143 1555 279 1619 reccidit
292 1558 330 1619 ut
343 1556 464 1619 malum
477 1557 564 1620 ferro
578 1556 805 1630 summitteret,
820 1576 858 1618 ac
870 1575 903 1618 se

144 1653 286 1735 explicat
298 1657 486 1735 angustum:
508 1653 700 1716 discriminis
715 1653 841 1726 ultima,
858 1653 986 1734 quando

143 1750 304 1833 praesidia
317 1751 491 1814 adferimus
505 1772 617 1815 navem
630 1752 757 1814 iactura
770 1751 937 1814 minorem.

144 1847 157 1910 i
171 1867 261 1911 nunc
274 1852 308 1912 et
321 1847 424 1911 ventis
436 1848 576 1911 animam
591 1848 757 1912 committe
771 1848 878 1911 dolato

144 1946 284 2008 confisus
297 1944 396 2027 ligno,
412 1944 522 2027 digitis
535 1965 554 2008 a
567 1949 669 2008 morte
682 1949 824 2010 remotus

145 2046 302 2123 quattuor
314 2045 371 2106 aut
385 2045 517 2124 septem,
533 2041 560 2104 si
575 2041 617 2104 sit
630 2041 794 2116 latissima,
810 2043 934 2120 taedam

144 2157 222 2202 mox
235 2158 310 2202 cum
323 2138 465 2202 reticulis
478 2141 512 2202 et
525 2158 606 2220 pane
620 2142 653 2202 et
666 2142 776 2225 ventre
790 2137 922 2219 lagonae

144 2234 251 2316 aspice
264 2233 434 2297 sumendas
447 2233 683 2314 intempestate
697 2235 830 2296 secures.
1081 2307 1084 2314 ,

145 2331 201 2394 sed
215 2334 385 2413 postquam
399 2329 499 2392 iacuit
512 2329 646 2411 planum
660 2349 758 2404 mare,
774 2332 918 2411 tempora
930 2335 1099 2413 postquam

144 2445 296 2511 prospera
308 2425 443 2490 vectoris
455 2425 624 2508 latumque
638 2426 797 2490 valentius
810 2446 887 2490 euro
906 2496 909 2500 Α

142 2529 179 2591 ,et
192 2525 316 2607 pelago,
331 2527 501 2606 postquam
515 2523 631 2587 Parcae
646 2524 776 2588 meliora
789 2524 927 2604 benigna

145 2643 245 2705 pensa
257 2641 356 2685 manu
370 2623 496 2684 ducunt
509 2621 625 2686 hilares
639 2625 672 2684 et
686 2621 831 2685 staminis
844 2621 907 2685 albi

145 2719 301 2794 lanificae,
317 2718 442 2782 modica
454 2738 514 2782 nec
527 2719 669 2781 multum
682 2718 798 2782 sortior
811 2738 889 2781 aura
912 2758 915 2765 ·

145 2820 262 2881 ventus
275 2818 375 2892 adast,
391 2814 481 2898 inopi
494 2816 681 2880 miserabilis
698 2819 766 2879 arte
780 2817 922 2880 cucurrit

145 2915 287 2978 vestibus
299 2912 437 2978 extentis
450 2917 492 2988 et,
510 2914 595 2996 quod
610 2919 812 2996 superaverat
825 2933 940 2989 unum,

145 3014 215 3077 velo
228 3032 323 3095 prora
335 3031 404 3075 suo.
447 3010 512 3074 iam
525 3011 746 3074 deficientibus
759 3011 875 3075 austris

145 3131 215 3192 spes
229 3108 313 3174 ritae
327 3129 402 3172 cum
415 3109 479 3173 sole
493 3109 588 3172 redit.
631 3112 711 3172 tunc
724 3112 836 3191 gratus
849 3109 922 3173 lulo
1055 3138 1059 3144 ¹
1151 3136 1153 3139 ·

96 3213 99 3222 “
144 3213 242 3288 atque
256 3205 414 3270 novercali
429 3206 517 3269 sedes
530 3206 671 3288 praelata
685 3205 807 3269 Lavino
1033 3209 1037 3218 ‘

144 3302 341 3385 conspicitur
354 3303 500 3367 sublimis
513 3323 605 3384 apex,
622 3303 675 3365 cui
689 3302 826 3367 eandida
838 3324 956 3368 nomen

145 3401 248 3465 scrofa
262 3401 362 3475 dedit,
378 3400 470 3464 laetis
485 3400 665 3483 Phrygibus
678 3401 857 3465 miserabile
870 3421 995 3477 sumen,

144 3503 177 3563 et
190 3518 369 3580 numquam
383 3486 458 3580 uisis
472 3497 608 3580 triginta
620 3499 705 3562 clara
717 3498 880 3562 mamillis.

144 3597 276 3660 tandem
289 3594 391 3660 intrat
403 3596 522 3678 positas
535 3595 658 3660 inclusa
671 3618 729 3678 per
742 3617 878 3678 aequora
891 3598 989 3662 moles

145 3693 408 3776 Tyrrhenamque
422 3695 545 3777 pharon
558 3699 766 3776 porrectaque
780 3695 927 3758 bracchia
941 3714 1069 3760 rursum

146 3810 228 3875 quas
239 3791 353 3876 pelago
367 3795 541 3856 occurrunt
554 3792 659 3856 medio
672 3793 830 3875 longeque
844 3791 1036 3874 relinquunt
