2909 4284
238 277 283 344 80
606 287 639 335 D.
664 285 763 336 IVNII
783 283 974 334 lemme

238 459 297 505 uec
317 440 552 522 praetextatum
566 437 674 522 repuit
687 438 775 503 Nero
787 435 961 520 loripedem
973 453 1034 498 uec

238 541 432 601 strumosum
445 541 542 618 atque
556 541 647 602 utero
659 537 781 619 pariter
792 535 951 618 gibboque
964 532 1151 596 tumentem.

237 635 352 700 inuno
365 637 398 698 et
412 633 535 698 iuvenis
548 633 652 716 specie
665 633 783 698 laetare
796 631 858 709 tui,
874 649 971 714 quem
1276 624 1334 688 310

237 731 540 814 maioraerpeotant
553 731 748 796 discrimina
792 728 988 795 fletadulter

237 828 396 912 publicus,
412 835 446 892 et
459 849 575 911 poenes
589 829 707 893 metuit
720 846 936 911 quascumque
946 821 1056 888 mariti

237 925 312 990 irati
325 927 431 1002 debet,
447 945 506 990 uec
519 927 582 990 erit
594 926 719 991 felicior
731 931 817 991 astro

239 1022 363 1100 Martis,
379 1028 418 1087 ut
431 1023 467 1086 in
479 1024 609 1106 laqueos
624 1044 800 1106 numquam
814 1023 946 1086 incidat.
989 1017 1092 1102 exigit
1102 1019 1214 1080 autem

237 1120 402 1186 interdum
415 1121 469 1184 ille
482 1122 574 1185 dolor
586 1123 660 1204 plus
674 1141 770 1204 quam
788 1122 840 1184 ler
853 1121 920 1184 ulla
932 1117 1035 1182 dolori
1279 1112 1339 1174 315
1431 1098 1432 1101 ¹

237 1218 406 1296 concessit3
427 1222 520 1282 necat
533 1219 587 1282 hio
601 1221 697 1296 terro,
713 1223 798 1284 secat
812 1218 867 1281 ille
878 1214 1021 1280 cruentis

237 1315 429 1391 verberibus,
445 1316 599 1397 quosdam
613 1317 760 1380 moechos
772 1320 806 1380 et
819 1313 951 1395 mugilis
963 1312 1076 1376 intret.

237 1413 292 1476 sed
307 1415 383 1476 tuus
396 1412 580 1494 Endymion
593 1414 728 1478 dilectae
738 1415 794 1477 fiet
807 1411 934 1476 adulter

237 1513 412 1574 matronae.
454 1530 529 1574 mox
542 1530 617 1574 cum
630 1511 755 1574 dederit
769 1509 903 1574 Servilia
915 1525 1077 1582 nummos,

235 1609 293 1672 fiet
305 1611 340 1672 et
352 1606 440 1671 illius
454 1627 550 1690 quam
565 1627 630 1671 non
643 1611 741 1683 emat,
756 1611 853 1670 exuet
866 1627 994 1670 omnem
1282 1601 1343 1663 330
1431 1614 1432 1687 ss

237 1704 377 1788 corporis
390 1708 555 1782 ornatum;
576 1705 655 1786 quid
668 1705 757 1768 euim
771 1704 839 1767 ulla
852 1703 1015 1784 negaverit
1028 1699 1102 1764 udis

237 1800 436 1883 inguinibus,
452 1800 517 1866 sive
529 1805 578 1866 est
592 1802 669 1864 haec
683 1801 789 1882 Oppia
801 1801 867 1864 sire
882 1799 1035 1864 Catulla?
1052 1853 1057 1878 ,

237 1897 375 1962 deterior
387 1901 472 1962 totos
484 1899 581 1962 habet
593 1898 661 1962 illio
673 1898 797 1962 femina
810 1917 922 1961 mores.

240 1994 314 2057 ‘sed
328 1999 414 2058 casto
427 1995 506 2076 quid
519 1996 624 2058 torma
638 1995 775 2058 uoceti'
791 1995 870 2076 quid
885 1992 1011 2076 proruit
1024 1991 1125 2056 immo

238 2090 416 2172 Hippolyto
429 2111 523 2172 grave
536 2092 747 2174 propositum,
763 2091 843 2172 quid
858 2088 1124 2173 Bellerophonti?
1283 2087 1341 2150 335

237 2187 367 2252 erubuit
379 2207 494 2270 nempe
507 2188 585 2252 haec
598 2209 656 2252 ceu
670 2189 816 2252 fastidita
830 2189 968 2270 repulsa,

238 2303 297 2347 uec
311 2283 507 2348 Stheneboea
520 2284 628 2348 miuus
640 2305 736 2367 quarn
753 2286 865 2349 Cressa
877 2284 1064 2360 excanduit,
1077 2285 1113 2346 et
1124 2299 1160 2346 ee

238 2399 421 2443 concussere
433 2382 553 2446 ambae.
597 2383 715 2446 mulier
727 2381 907 2447 merimima
922 2386 1002 2446 tunc
1014 2385 1075 2457 est,

238 2497 312 2540 cum
327 2477 472 2540 stimulos
484 2479 557 2542 odio
571 2480 675 2561 pudor
687 2480 845 2544 admovet.
889 2479 972 2560 elige
986 2478 1145 2560 quidnam

238 2573 436 2636 suadendum
450 2594 516 2637 esse
530 2580 624 2657 putes
637 2576 689 2639 cui
704 2578 823 2640 nubere
840 2577 983 2641 Gesseris
996 2593 1079 2638 uxor
1284 2574 1342 2636 330

238 2669 389 2732 destinat.
432 2671 572 2751 optimus
586 2671 640 2735 hic
652 2676 686 2736 et
698 2673 948 2737 iormosissimus
962 2672 1049 2736 idem

238 2765 343 2846 gentis
355 2765 506 2846 patriciae
519 2768 644 2849 rapitur
656 2770 752 2832 miser
763 2771 1004 2852 extinguendus

240 2860 424 2924 Messalinae
438 2863 551 2940 oculis3
572 2865 697 2927 dudum
710 2867 799 2930 sedet
812 2867 869 2931 illa
881 2869 994 2949 parato

239 2956 416 3020 flammeolo
430 2959 605 3042 Tyriusque
618 2963 725 3043 palam
738 2965 873 3043 genialis
886 2965 921 3027 iu
935 2963 1042 3028 hortis

240 3052 394 3115 sternitur
406 3056 440 3116 et
453 3054 519 3118 ritu
532 3057 635 3120 decies
648 3063 784 3123 centena
797 3060 963 3124 dabuntur

240 3147 383 3230 antiquo,
399 3150 504 3213 veniet
517 3171 588 3214 cum
604 3154 816 3234 signatoribus
829 3177 961 3239 auspex.

240 3243 318 3306 haec
331 3246 369 3306 tu
382 3249 500 3308 secreta
512 3250 546 3310 et
558 3250 667 3327 paucis
679 3253 847 3317 commissa
859 3255 1020 3335 putabas?

241 3359 307 3402 non
319 3339 380 3402 nisi
393 3339 535 3420 legitimo
548 3343 619 3406 vult
632 3347 761 3410 nubere.
804 3350 884 3430 quid
897 3352 1023 3432 placeat
1035 3351 1105 3418 dict

241 3435 277 3498 ni
290 3455 399 3516 parere
412 3436 500 3511 velis,
516 3442 714 3519 pereundum
728 3445 790 3507 erit
803 3451 879 3510 ante
891 3446 1054 3526 lucemas3

126 3577 129 3584 .
241 3531 266 3594 si
281 3531 381 3594 scelus
394 3533 554 3608 admittas,
570 3535 698 3601 dabitur
711 3560 800 3604 mora
812 3544 956 3623 parvula,
973 3545 1054 3608 dum
1067 3564 1120 3611 ree

242 3630 318 3688 nota
331 3627 402 3689 urbi
416 3632 449 3690 et
461 3631 579 3711 populo
593 3634 758 3715 contingat
770 3637 926 3721 principis
939 3661 1063 3707 aurem.

242 3721 377 3784 dedecus
391 3723 445 3786 ille
459 3725 572 3790 domus
585 3728 662 3792 sciet
675 3731 824 3812 ultimus;
845 3735 968 3800 interea
982 3742 1020 3802 tu
