2909 4284
225 267 285 317 112
587 263 621 310 D.
646 261 744 312 Ivem
765 261 956 312 winusus

223 436 283 500 pro
296 418 364 484 rita
376 417 524 484 metenda
536 422 671 501 putant,
682 417 737 482 sed
752 417 909 482 Cantaber
923 414 1009 480 unde

224 516 342 579 stoicus
355 514 483 596 antiqui
496 515 682 598 praesertim
696 519 801 579 aetate
815 514 961 578 Metelli?

222 631 312 676 nuno
326 616 413 678 totus
429 612 539 676 Graias
553 618 740 696 nostrasque
755 613 850 677 habet
863 612 948 676 orbis
961 610 1116 685 Athenas,

223 709 328 774 Gallia
340 708 515 774 causidicos
528 711 640 774 docuit
654 712 795 775 facunda
810 711 991 785 Britannos,

221 807 263 872 de
276 807 484 872 conducendo
497 807 642 890 loquitur
656 807 720 871 iam
736 809 862 871 rhetore
876 807 988 888 Thyle.

221 904 339 968 nobilis
351 905 406 968 ille
420 906 680 989 tamenpopulus
694 924 791 988 quem
806 904 957 980 diximus,
973 907 1007 967 et
1019 921 1077 986 par

220 1000 344 1065 virtute
357 1005 457 1085 atque
470 1002 534 1069 fide
547 1001 604 1069 sed
617 1001 721 1068 mmor
734 999 826 1066 clade
839 999 1020 1083 Zacynthos

220 1096 285 1162 tale
299 1098 378 1180 quid
391 1102 536 1162 excusate
558 1097 718 1162 Maeotide
732 1097 853 1162 saevior
865 1117 919 1160 ara

221 1197 393 1277 Aegyptos.
438 1194 557 1278 quippe
571 1195 627 1259 illa
639 1195 772 1259 nefandi
788 1193 925 1258 Taurica
937 1190 1017 1256 sacri

221 1287 383 1352 inventrix
395 1288 620 1352 homines-nt
634 1288 699 1351 iam
713 1308 794 1370 quae
808 1285 950 1350 carmina
963 1285 1109 1361 tradunt,

219 1385 319 1466 digna
332 1386 395 1451 tide
408 1387 686 1451 arada-unauna
700 1385 856 1460 immolat,
873 1382 1008 1446 ulterius
1022 1381 1069 1445 nil

220 1486 278 1545 ant
291 1482 419 1564 gravina
431 1483 537 1546 cultro
551 1482 644 1546 timet
657 1483 772 1546 hostia.
817 1481 889 1564 quis
903 1481 998 1544 modo
1011 1497 1102 1542 casus

220 1579 342 1663 inpulit
354 1580 437 1643 hos?
478 1598 559 1663 quae
574 1584 664 1644 tanta
677 1580 779 1643 tames
792 1579 973 1660 infestaque
987 1575 1071 1639 vallo

219 1697 308 1740 arma
321 1681 494 1759 coegerunt
509 1681 574 1741 tam
589 1677 774 1742 detestabile
788 1680 968 1740 monstrum

219 1775 361 1837 andere?
401 1794 484 1838 anne
497 1775 592 1837 aliam
607 1779 691 1837 terra
706 1772 918 1855 Memphitide
932 1771 1014 1835 sicca

219 1869 373 1934 invidiam
387 1872 528 1934 tacerent
542 1870 664 1934 nolenti
678 1889 807 1952 surgere
821 1869 922 1932 Nilo?

220 1985 284 2049 qna
296 1987 355 2031 nec
370 1967 526 2031 terribiles
540 1967 663 2031 Cimbri
677 1988 736 2030 nec
751 1967 914 2031 Brittones
928 1984 1084 2048 umquam

219 2063 486 2147 Sauromataeque
499 2068 605 2128 truces
617 2070 676 2128 aut
689 2064 834 2128 inmanes
848 2060 1033 2146 Agathyrsi,

218 2159 279 2222 hac
292 2161 391 2224 saevit
405 2161 490 2225 rabie
504 2161 621 2226 inbelle
635 2168 669 2225 et
682 2161 800 2225 inutile
814 2161 942 2243 vulgus,

218 2257 352 2337 parvula
365 2257 517 2321 fictilibus
530 2258 661 2321 solitum
675 2259 752 2322 dare
765 2260 835 2321 vela
848 2257 986 2339 phaselis

218 2354 252 2415 et
265 2352 412 2416 brevibus
425 2354 529 2435 pictae
544 2355 640 2418 remis
653 2355 839 2419 incumbere
854 2359 963 2418 testae.

218 2467 278 2512 neo
291 2469 426 2529 poenam
439 2451 548 2514 sceleri
561 2451 704 2515 invenies
717 2473 777 2516 neo
791 2453 889 2535 digna
902 2451 1029 2534 parabis

217 2545 375 2625 supplicia
387 2545 439 2608 his
452 2548 590 2629 populis,
606 2549 641 2611 in
656 2569 794 2630 quorum
809 2553 916 2612 menta
929 2567 1023 2629 pares
1036 2550 1115 2610 sunt

217 2643 251 2701 et
264 2639 382 2702 similes
395 2641 442 2704 ira
455 2648 551 2724 atque
565 2646 675 2708 tames.
718 2645 904 2709 mollissima
917 2645 1014 2707 corda

217 2734 359 2798 humano
374 2739 481 2816 generi
495 2741 570 2803 dare
583 2762 616 2804 se
630 2744 746 2804 natura
760 2742 894 2817 fatetur,

218 2849 298 2910 quae
312 2831 457 2896 lacrimae
470 2835 574 2913 dedit3
596 2837 675 2900 haec
688 2836 790 2900 nostri
804 2859 878 2920 pars
891 2837 1016 2919 optima
1029 2858 1153 2901 muana.

216 2926 341 3007 plorare
355 2946 430 3008 ergo
443 2928 532 2992 iubet
545 2952 672 2996 eausam
686 2934 823 2997 dicentis
836 2935 932 2998 amici

216 3021 457 3104 squaloremque
470 3026 528 3101 rei,
544 3030 707 3110 pupillum
721 3032 762 3093 ad
777 3031 848 3095 iura
864 3035 1032 3095 vocantem

216 3115 534 3199 circumscriptorem,
551 3124 643 3187 cuius
657 3127 821 3190 manantia
834 3127 915 3190 fletu

216 3230 272 3273 ora
284 3214 439 3293 puellares
453 3216 578 3281 faciunt
591 3220 713 3286 incerta
726 3223 844 3306 capilli.

216 3310 350 3414 naturae
363 3309 496 3392 imperio
509 3317 677 3396 gemimus,
693 3340 768 3382 cum
782 3322 884 3386 funus
897 3324 1028 3388 adultae

216 3402 350 3482 virginis
363 3408 500 3470 occurrit
513 3410 563 3472 vel
577 3416 659 3476 terra
673 3416 837 3480 clauditur
851 3418 959 3482 inians

216 3500 250 3560 et
263 3497 368 3562 minor
383 3501 457 3583 igne
472 3505 551 3584 rogi.
594 3510 665 3590 quis
678 3512 766 3575 enim
780 3514 884 3578 bonus
898 3521 932 3579 et
946 3518 1016 3582 iace
1030 3516 1155 3600 dignus
1268 3523 1333 3583 140
1436 3549 1437 3578 r

216 3613 341 3669 arcana,
357 3600 484 3678 qualem
500 3600 621 3667 Cereris
633 3608 705 3670 vult
718 3630 783 3673 esse
798 3613 953 3689 sacerdos,

217 3691 284 3751 ulla
297 3693 400 3755 aliena
412 3695 472 3758 sibi
485 3698 587 3760 credit
600 3702 707 3764 mals?
748 3712 874 3788 separat
887 3710 948 3773 hoo
963 3732 1022 3776 nos
