2909 4284
224 335 265 426 76
592 342 624 390 n.
650 341 747 390 rrurr
769 338 959 391 wunsam

225 517 310 563 unus
325 495 450 562 Pellaeo
463 493 571 560 iuveni
585 513 650 558 uon
665 493 784 558 sufficit
796 493 892 570 orbis,

224 599 350 660 aestuat
362 593 476 658 infelix
489 593 625 674 angusto
638 589 743 655 limite
757 590 872 654 mundi

224 697 263 758 ut
277 691 373 777 Gyeri
387 691 513 756 clausus
526 687 663 771 scopulis
676 707 837 770 parvaque
851 687 1001 771 Seriph03

224 811 299 856 cum
313 795 421 855 tamen
434 808 454 853 a
467 785 575 868 figulis
588 785 749 848 munitam
762 784 931 849 intraverit
944 787 1068 864 urbem,

225 888 416 972 sarcophago
430 887 600 952 contentus
613 881 683 946 erit
730 901 816 947 mors
829 884 896 948 sola
908 885 1029 948 fatetur

225 986 381 1070 quantula
393 983 459 1048 sint
472 979 641 1046 hominum
656 981 855 1063 corpuscula.
898 982 1040 1046 ereditur
1051 981 1129 1046 olim

224 1085 398 1149 velificatus
411 1081 515 1146 Athos
529 1081 563 1142 et
577 1077 735 1162 quidquid
751 1077 884 1144 Graecia
896 1080 1032 1144 mendax

223 1183 321 1246 audet
334 1181 369 1244 in
382 1177 525 1254 historia,
542 1180 741 1240 constratum
758 1177 910 1242 clunibus
922 1177 1022 1241 isdem

225 1277 487 1361 suppositumque
499 1276 578 1341 rotis
592 1275 731 1340 solidum
744 1295 843 1352 mara,
859 1275 1017 1340 credimus
1028 1275 1109 1339 altos

224 1375 373 1440 defecisse
386 1393 495 1440 amnes
507 1377 664 1457 epotaque
678 1374 813 1438 flumina
827 1374 923 1438 Medo

224 1473 401 1558 prandente
414 1475 447 1536 et
460 1472 598 1536 medidie
611 1474 722 1536 mutat
735 1491 817 1554 quae
830 1471 991 1537 Sostratus
1003 1469 1078 1549 alie3

224 1571 279 1636 ille
293 1575 402 1634 tamen
415 1570 518 1654 qualis
530 1569 627 1634 rediit
642 1569 803 1634 Salamine
815 1569 936 1645 relicta,

224 1669 259 1732 in
273 1688 383 1733 corum
396 1671 491 1752 atque
505 1687 619 1731 eurum
633 1667 747 1730 solitus
756 1667 875 1731 saeuire
889 1666 1027 1748 flagellis.

224 1767 374 1830 barbarus
388 1765 500 1829 Aeolio
513 1785 690 1848 numquam
704 1765 766 1828 hoo
778 1764 813 1828 in
828 1784 951 1829 carcere
963 1783 1081 1846 pmice,

224 1864 331 1945 ipsum
343 1862 539 1945 conpedibus
553 1861 609 1945 qui
622 1863 770 1927 vinxerat
784 1861 1064 1944 Ennosigaeum-

224 1961 335 2024 mitius
347 1961 382 2024 id
396 1979 481 2036 sane,
497 1961 584 2043 quod
597 1979 664 2023 non
677 1962 711 2024 et
724 1958 875 2042 stigmata
889 1960 1025 2042 dignum

224 2058 374 2136 credidit;
395 2058 472 2122 hnic
486 2057 654 2142 quiequam
668 2057 765 2122 vellet
778 2056 895 2120 servire
908 2057 1068 2121 deorum?

224 2157 279 2220 sed
293 2156 394 2239 qualis
407 2155 528 2219 rediit?
568 2175 684 2237 nempe
699 2175 764 2219 uua
777 2174 868 2231 naue,
885 2154 1027 2219 cruentis

224 2254 373 2317 fluctibus
386 2273 423 2317 aa
437 2255 528 2317 tarda
541 2274 599 2337 per
611 2254 709 2317 densa
722 2254 875 2317 cadavera
887 2271 992 2335 prora.

224 2350 281 2414 has
295 2351 411 2415 totiens
425 2354 535 2434 optata
548 2352 653 2432 exegit
666 2351 770 2434 gloria
782 2371 910 2434 poenas.

266 2448 327 2512 ‘de
340 2449 479 2530 spatium
493 2449 587 2523 vitae,
603 2448 722 2511 multos
736 2449 788 2524 da,
805 2448 965 2530 Iuppiter,
979 2447 1099 2513 annoe'

224 2546 285 2610 hoc
298 2549 383 2610 recto
398 2546 502 2622 vultu,
519 2546 622 2608 solum
636 2545 697 2608 hoc
710 2548 745 2608 et
757 2545 898 2628 pallidus
911 2550 1012 2627 optas.

223 2643 864 2728 aadquamcontinuisetquantielonga
877 2646 1021 2706 senectus
1264 2635 1321 2706 190

223 2741 319 2825 plene
332 2741 432 2805 melis.
477 2742 653 2804 deformem
667 2743 700 2802 et
713 2742 854 2803 taetrum
869 2743 945 2802 aute
959 2741 1067 2802 omnia
1078 2741 1207 2804 uultum

224 2837 472 2920 dissimilemque
486 2839 546 2912 sui,
563 2838 741 2901 deformem
754 2856 814 2919 pro
827 2839 901 2900 cute
915 2837 1031 2919 pellem

223 2934 454 3019 pendentisque
467 2954 564 3016 genas
577 2939 610 2998 et
623 2935 697 2997 telis
709 2935 814 3016 e'spice
828 2953 922 3014 rugas

224 3033 341 3116 quales,
357 3032 548 3095 umbriferos
561 3031 617 3094 ubi
632 3032 747 3113 pandit
761 3031 926 3095 Thabraca
939 3032 1048 3107 selina

223 3130 381 3193 inrctnla
394 3129 507 3211 scalpit
520 3128 584 3192 iarn
598 3133 700 3192 mater
714 3129 807 3191 simia
820 3129 930 3192 bucca.
1263 3132 1319 3191 195

224 3227 363 3310 plurima
376 3230 453 3290 sunt
465 3227 619 3290 iuvenum
632 3227 829 3301 discrimina,
846 3227 1011 3309 pulchrior
1023 3226 1078 3290 ille

224 3325 284 3388 hoc
298 3328 393 3406 atque
406 3324 460 3388 ille
474 3323 548 3399 alio,
564 3325 705 3387 multum
720 3325 773 3388 hic
788 3325 946 3388 robustior
959 3324 1028 3387 illo:

224 3443 289 3486 una
302 3441 414 3484 senum
428 3421 534 3485 facies.
578 3443 653 3486 cum
666 3443 742 3486 voce
756 3422 927 3486 trementia
940 3422 1082 3486 membra

224 3523 257 3582 et
269 3520 333 3581 iem
348 3518 415 3582 leve
428 3523 526 3601 caput
539 3520 722 3602 madidique
736 3519 876 3582 infantia
888 3518 968 3594 nasi,

224 3616 421 3696 frangendus
434 3616 548 3680 misero
563 3618 691 3698 gingiva
704 3617 796 3698 panis
809 3617 819 3679 i
824 3616 939 3694 nermi;

225 3731 325 3792 usque
339 3712 417 3775 adeo
431 3713 535 3793 gravis
549 3713 641 3776 uxori
658 3713 801 3793 natisque
816 3712 949 3795 sibique,

225 3808 266 3872 ut
278 3805 433 3890 captatori
448 3810 571 3871 moreat
584 3807 713 3871 fastidia
728 3807 832 3873 Oosso.
