2909 4284
180 313 239 378 108
540 321 574 371 n.
598 323 696 372 mm
717 323 911 371 wvnunne

181 476 383 561 exiguusque
395 475 497 553 cibas,
512 494 616 542 mersa
627 479 696 540 rate
709 472 886 554 nantragns
899 485 998 534 msam

181 573 263 639 dum
276 577 367 657 rogat
380 577 413 638 et
426 574 513 656 picta
525 594 558 637 se
570 575 760 656 tempestate
773 573 894 634 tuetur.

222 671 325 743 tantis
338 675 433 754 parta
446 669 539 732 malis
553 688 632 732 cura
645 667 766 730 maiore
781 669 935 746 metuque

182 770 370 831 servantur:
391 765 507 828 mirera
521 768 570 828 est
584 763 694 845 magni
709 761 860 826 custodia
874 775 998 822 census.

181 861 344 945 disponitis
356 861 520 943 praedives
532 858 613 922 amis
625 858 758 940 vigilare
773 857 938 921 cohortem

181 977 345 1023 servornm
358 961 457 1022 noctu
472 955 604 1020 Licinus
616 954 717 1030 iubet,
729 952 888 1016 attonitus
900 971 960 1036 pro

181 1050 302 1114 electro
316 1050 481 1134 signisque
495 1050 563 1115 suis
577 1049 783 1132 Phrygiaque
797 1047 949 1111 columna

183 1148 282 1228 atque
295 1145 387 1211 ebore
400 1149 434 1210 et
446 1145 511 1210 lata
524 1145 696 1209 testudine.
741 1145 827 1206 dolia
839 1141 921 1204 nndl

184 1261 250 1305 non
263 1243 377 1306 ardent
390 1241 508 1324 cynici3
530 1241 557 1304 si
570 1241 714 1323 fregeris,
730 1241 832 1304 altera
845 1240 901 1302 fiet

184 1357 253 1402 oras
267 1339 391 1413 domus,
407 1342 504 1420 atque
516 1338 627 1402 eadem
640 1337 775 1420 plumbo
788 1334 956 1400 commissa
968 1332 1123 1398 mauebit.

68 1434 72 1442 ’
184 1435 285 1498 sensit
297 1436 488 1510 Alexander,
504 1438 587 1498 testa
600 1454 675 1497 cum
690 1434 773 1497 vidit
786 1434 822 1496 in
836 1433 892 1496 illa

185 1551 338 1615 magnum
352 1532 574 1607 habitatorem,
591 1534 713 1613 quanto
725 1530 851 1594 lelioior
863 1529 918 1594 hic
932 1528 988 1611 qui

185 1628 233 1692 nil
246 1633 378 1713 cuperet
391 1648 489 1710 quam
502 1627 558 1710 qui
572 1631 679 1691 totum
693 1627 754 1692 sibi
768 1629 913 1710 posceret
926 1626 1036 1689 orbem

184 1744 335 1808 parsurm
347 1725 447 1806 gestia
459 1726 626 1807 aequanda
638 1725 781 1808 pericula
795 1725 899 1787 rebus.

185 1822 314 1885 nullum
327 1842 447 1886 numen
462 1822 560 1886 habes
572 1821 597 1884 si
613 1822 656 1884 sit
670 1821 854 1904 prudentia,
870 1842 928 1884 noa
942 1825 986 1896 te,

186 1937 244 1982 nos
255 1918 402 1994 iacimus,
418 1918 573 1993 Fortuna,
589 1918 693 1981 deam.
737 1939 886 1982 mensura
900 1922 1009 1980 tamen
1023 1936 1106 1998 qnae

186 2015 321 2078 sufficiat
334 2034 458 2090 census,
474 2014 575 2096 siquis
587 2035 639 2078 me
652 2016 809 2091 consulat,
826 2016 934 2078 edamz

185 2111 221 2174 in
236 2115 394 2192 quantum
407 2111 476 2174 sitis
489 2115 586 2193 atque
599 2112 700 2174 tames
711 2115 746 2176 et
758 2112 879 2192 trigona
892 2114 1041 2193 poscunt,

186 2210 356 2288 quantum,
373 2208 523 2289 Epicure,
539 2208 600 2271 tibi
612 2208 719 2290 parvis
732 2209 859 2272 suffecit
872 2210 908 2271 in
921 2207 1035 2283 hortis,

186 2307 344 2384 quantum
359 2303 510 2367 Socratici
524 2308 679 2386 ceperunt
692 2309 767 2369 ante
780 2309 925 2387 penates;

186 2416 364 2479 numquam
376 2399 466 2462 aliud
478 2404 606 2476 natura,
621 2400 711 2465 aliud
725 2401 882 2482 sapientia
895 2402 986 2466 dicit.

186 2493 311 2557 acribus
323 2495 476 2577 exemplis
489 2497 599 2560 videor
612 2500 645 2560 te
659 2498 812 2561 cladem?
852 2499 950 2562 misce

186 2609 262 2670 ergo
273 2589 397 2673 aliquid
411 2592 528 2656 nostris
540 2594 581 2658 de
593 2595 747 2670 moribus,
763 2597 851 2658 effice
864 2617 1023 2660 summam

187 2685 236 2748 bis
248 2689 369 2767 septem
382 2689 549 2753 ordinibus
562 2711 659 2772 quam
671 2691 724 2754 lex
738 2693 893 2773 dignatur
907 2693 1056 2758 Othonis.

186 2781 266 2844 liaeo
278 2801 405 2865 quoque
418 2785 445 2848 si
457 2805 571 2867 rugam
585 2788 687 2851 trahit
700 2790 912 2870 extenditque
925 2790 1091 2868 labellum,

188 2895 277 2940 eume
290 2877 370 2942 dnos
382 2881 516 2960 equites,
531 2884 585 2947 iao
597 2885 693 2948 tertia
707 2887 952 2967 quadringenta

188 2973 372 3037 ainondnm
386 2975 505 3057 inpleri
518 2982 689 3060 gremium,
705 2982 732 3044 si
746 2983 903 3064 panditur
915 2984 1016 3059 ultra,

188 3087 248 3132 neo
262 3069 367 3134 cresi
380 3073 513 3138 fortuna
525 3097 678 3158 nmquam
693 3100 753 3142 nec
767 3080 893 3143 Persica
905 3100 1008 3162 regna

189 3164 347 3229 sufficient
359 3168 468 3232 animo
481 3191 541 3234 nec
553 3174 684 3237 divitiae
697 3176 850 3250 Narcimi,

188 3259 325 3323 indulsit
338 3261 452 3326 Caesar
464 3266 517 3328 cui
532 3267 687 3331 Claudius
700 3273 819 3346 omnia,
835 3273 930 3338 onius

188 3355 299 3439 paruit
309 3355 452 3440 imperiis
464 3380 597 3426 uxorem
609 3367 752 3430 cocidere
765 3368 879 3432 iamne.

556 3559 560 3565 ·
616 3539 767 3596 servm
788 3543 842 3598 XV

189 3642 270 3720 Quia
280 3647 392 3720 nesoit,
408 3647 522 3714 Volusi
535 3651 716 3735 Bithynice,
732 3661 840 3740 qualia
852 3663 986 3728 demens

190 3737 352 3822 Aegypton
363 3747 512 3824 portenta
524 3748 633 3812 colati
670 3756 852 3820 crocodilon
865 3760 979 3823 adorat
