2909 4284
214 310 256 378 42
583 306 614 354 D·
640 306 738 356 lvun
759 300 953 354 Ivvnusns

212 459 402 543 oonspiouus
415 457 509 541 longe
522 457 709 540 onustisque
723 457 873 522 notabilis
886 456 989 520 intrat

212 556 325 620 balnea
338 576 396 620 nee
410 555 507 619 dubie
520 556 682 620 custodem
698 555 774 619 ritis
787 562 821 620 et
834 554 921 618 horti

211 658 363 736 provocat
376 674 396 717 a
408 653 539 717 domina
552 653 657 716 taetus
671 653 781 736 spado.
823 652 962 716 dormiat
974 650 1030 716 illo

212 771 287 815 eum
301 752 442 827 domina,
458 751 514 815 sed
530 754 566 814 tu
581 751 645 814 iam
659 751 790 827 durum,
807 751 969 826 Postume,
985 749 1112 834 iamne

212 850 412 914 tondendum
426 848 574 913 eunueho
589 849 756 913 Bromium
769 848 971 912 oommittere
984 847 1063 911 noli.

252 947 279 1011 si
293 948 413 1030 gaudet
425 954 534 1022 eantu,
552 945 674 1009 nullius
688 945 787 1010 fibula
799 946 895 1009 durat

212 1064 321 1109 vooem
336 1043 504 1109 vendentis
516 1043 725 1127 praetoribus.
768 1062 887 1124 organa
900 1061 1025 1126 semper

212 1141 246 1204 in
261 1141 418 1218 munibus,
435 1140 525 1204 densi
540 1129 841 1205 radiant'tostudine
854 1142 924 1204 tota

211 1239 432 1320 sardonyches,
448 1237 552 1321 erispo
566 1243 780 1301 numeruntur
792 1235 919 1320 pectine
932 1237 1080 1302 ohordae.

212 1354 275 1418 quo
290 1338 379 1399 tener
393 1334 586 1415 Hedymeles
599 1354 709 1417 operas
722 1334 824 1408 dedit,
839 1333 929 1397 huno
943 1337 1042 1408 tenet,
1058 1331 1120 1397 hoo
1133 1352 1166 1397 se

211 1433 343 1507 solatur,
359 1435 512 1516 gratoque
527 1431 675 1514 indulget
687 1431 774 1495 basia
786 1431 919 1514 plectro.
1250 1419 1254 1425 ’

212 1530 368 1611 quaedam
383 1530 423 1593 ds
436 1549 572 1593 numero
586 1528 771 1592 Lamiarum
784 1549 822 1592 ao
834 1528 976 1593 nominis
989 1526 1077 1613 Appi

211 1632 245 1691 et
257 1628 343 1692 farre
356 1631 390 1697 ot
404 1627 479 1692 vino
493 1627 609 1690 Inuum
623 1627 818 1708 Vestamque
832 1627 975 1708 rogabat,

211 1745 253 1788 an
269 1725 482 1808 Capitolinam
496 1725 626 1788 deberet
640 1724 743 1788 Pollio
757 1744 910 1807 quereum

212 1843 336 1906 sperare
349 1827 382 1887 et
395 1823 513 1886 fidibus
526 1822 722 1904 promittere.
767 1821 846 1905 quid
859 1822 979 1886 iaoeret
990 1822 1066 1907 plus

211 1923 396 2001 aegrotante
409 1918 489 1996 viro,
505 1918 639 1982 modieis
652 1918 731 2001 quid
746 1917 892 1981 tristibus
904 1939 980 2001 ergo

212 2016 373 2080 filiolum?
413 2017 504 2080 stetit
516 2020 592 2080 onte
605 2035 693 2079 arem
708 2035 766 2078 neo
781 2019 876 2098 turpe
889 2015 1019 2098 putarit

212 2132 271 2197 pro
284 2113 408 2177 eithara
421 2114 525 2178 velare
538 2116 636 2196 eaput
649 2113 833 2194 dietataque
847 2113 944 2177 rerba

212 2211 357 2294 pertulit,
373 2215 413 2275 ut
425 2231 493 2275 mos
506 2216 564 2288 est,
581 2214 615 2274 et
627 2214 738 2294 aperta
750 2210 869 2292 palluit
882 2231 976 2291 agna.

212 2308 266 2372 dio
279 2307 361 2372 mihi
374 2328 463 2372 nuno
477 2329 603 2391 quaeso,
620 2308 683 2384 dio,
699 2307 923 2390 antiquissimo
936 2308 1060 2386 dirum,

213 2407 384 2490 respondes
397 2406 459 2481 his,
475 2405 553 2469 Iane
566 2407 681 2488 pater?
721 2425 840 2486 magna
855 2405 923 2468 otia
935 2405 1031 2483 eaeli;

213 2507 351 2580 nonest,
368 2504 454 2586 quod
468 2503 570 2579 video,
588 2523 653 2566 non
667 2507 716 2567 est
730 2503 816 2585 qnod
829 2506 944 2584 agatur
957 2507 1039 2586 aput
1050 2523 1117 2568 ros.

213 2599 291 2665 haee
305 2601 344 2665 de
357 2600 516 2664 comoedis
530 2604 562 2664 te
575 2599 725 2676 consulit,
743 2599 799 2663 illa
812 2601 1002 2682 tragoedum

213 2700 435 2762 commendare
449 2699 544 2774 solet,
561 2698 720 2761 varioosus
734 2698 790 2761 fist
802 2697 972 2781 haruspex.

254 2797 309 2860 sed
322 2799 430 2859 cantet
443 2795 551 2877 potins
565 2815 661 2877 quam
675 2797 777 2858 totoni
791 2795 933 2877 pervolet
946 2795 1069 2872 urbem,

213 2894 318 2958 audax
331 2896 366 2956 et
379 2897 487 2956 ooetus
500 2893 694 2974 possitquae
708 2892 792 2956 ierre
807 2892 948 2956 virorum

213 3011 350 3073 eumque
364 2990 524 3074 paludatis
538 2989 673 3052 ducibus
685 2993 851 3071 praesente
865 2988 981 3052 marito

213 3090 283 3171 ipsa
295 3083 385 3170 loqui
398 3091 484 3150 reeta
498 3087 579 3150 faeie
593 3086 746 3168 siooisque
759 3087 922 3150 mamillis.

213 3186 292 3250 haee
305 3187 414 3248 eadem
428 3184 519 3247 novit
533 3183 612 3265 quid
626 3188 694 3247 toto
709 3185 766 3246 fiat
779 3185 815 3247 in
829 3184 914 3260 orbe,

214 3283 293 3366 quid
307 3283 407 3357 Seres,
424 3281 502 3365 quid
517 3282 655 3344 Thraces
668 3286 777 3362 agant,
793 3286 913 3345 seoreta
926 3300 1079 3347 novercae

213 3385 247 3445 et
259 3380 363 3463 pueri,
381 3378 452 3461 quis
465 3382 562 3454 amet,
579 3379 651 3460 quis
664 3379 836 3460 diripiatur
850 3379 991 3458 adulter3

214 3479 302 3543 dioet
315 3476 387 3559 quis
402 3477 530 3541 viduam
544 3479 751 3558 praegnatem
765 3476 879 3540 feeerit
889 3472 925 3538 et
939 3497 1002 3560 quo

214 3596 332 3652 mense,
349 3575 465 3656 quibus
478 3573 582 3638 verbis
595 3574 787 3637 concumbat
801 3594 954 3656 quaeque,
971 3574 1074 3638 modis
1088 3577 1179 3657 quot.

214 3675 388 3739 instantem
401 3671 469 3753 regi
484 3672 636 3735 Armenio
651 3672 833 3753 Parthoque
846 3676 1002 3736 cometem

215 3770 320 3854 prima
332 3769 430 3844 videt,
447 3769 566 3832 tomam
582 3786 787 3848 rumoresque
800 3767 857 3832 illa
869 3769 1006 3832 recentis
