2909 4284
598 339 733 389 servas
755 339 802 389 111
1208 343 1246 410 13

142 510 204 555 nec
219 490 327 574 pudor
341 490 494 576 opstebit.
537 510 605 555 non
619 509 752 574 possum
766 492 863 569 terre,
881 490 1034 569 Quirites,
1207 495 1249 556 db

143 589 303 654 Graecum
317 591 430 654 urbem
442 610 451 668 ;
473 587 620 672 quemvis
635 593 736 672 quota
749 590 858 673 portio
872 590 974 654 iaeois
987 587 1141 654 Achnai?

142 686 351 770 iampridem
366 686 466 770 Syrus
480 687 515 751 iu
530 685 674 750 Tiberim
688 687 826 751 defluxit
842 687 982 753 Orontes

143 789 177 848 et
190 784 340 867 linguam
355 789 388 848 et
401 804 506 848 mores
521 787 554 848 et
569 803 645 847 cum
658 784 794 849 tibicine
808 785 947 850 chordas

144 882 292 965 obliquos
306 901 367 946 neo
382 901 448 945 non
463 881 600 964 gentilis
615 886 772 964 tympano
785 903 896 948 secum

143 979 234 1044 vexit
249 984 282 1043 et
297 980 338 1043 ed
354 979 478 1044 circum
492 979 594 1043 iussos
608 984 755 1061 prostare
769 980 903 1062 puellus.

143 1077 201 1153 ite,
218 1077 337 1160 quibus
350 1081 444 1159 grets
459 1080 508 1140 est
523 1076 613 1158 picto
625 1076 704 1158 lupe
719 1077 854 1143 barbara
867 1078 978 1144 mitra.

142 1173 288 1238 rusticus
301 1173 356 1237 ille
370 1178 448 1237 tuus
463 1173 564 1237 sumit
580 1173 802 1256 trechedipne,
819 1175 966 1255 Quirine,

143 1280 177 1340 et
193 1271 388 1336 ceromatico
400 1272 467 1335 lert
480 1270 636 1334 niceteria
649 1271 743 1335 collo.

142 1374 199 1438 hic
213 1373 281 1436 elta
296 1368 443 1451 Sicyone,
462 1373 512 1436 est
529 1368 583 1433 hic
598 1369 768 1452 Amydone
782 1369 908 1450 relicta,

142 1471 199 1536 hic
214 1468 339 1544 Andro,
357 1467 412 1530 ille
430 1466 537 1543 Semo,
555 1466 610 1530 hio
625 1465 788 1531 Trallibus
803 1473 861 1532 aut
874 1469 1055 1536 Alabandis

142 1567 308 1652 Esquilias
323 1565 513 1647 dictumque
530 1567 650 1648 petunt
664 1583 683 1626 a
698 1563 820 1629 vimine
835 1567 963 1643 collem,

141 1667 267 1732 viscere
281 1681 473 1746 magnarum
488 1663 645 1725 domuum
659 1661 850 1745 dominique
864 1665 982 1732 futuri.

142 1762 314 1847 ingenium
328 1759 432 1836 relox,
450 1758 586 1823 audacie
600 1758 740 1841 perdite,
757 1779 862 1825 sermo

141 1865 316 1945 promptus
330 1861 363 1921 et
378 1858 468 1921 Iseeo
483 1856 668 1921 torrentior.
716 1857 776 1921 ede
790 1858 870 1943 quid
884 1859 979 1925 illum

141 1978 211 2023 esse
227 1961 331 2040 putes.
375 1953 520 2038 quemvis
535 1954 700 2019 hominem
714 1974 825 2020 secum
838 1957 954 2022 attulit
967 1957 1009 2023 ed
1021 1975 1108 2027 noar

141 2054 376 2141 grammaticus
392 2052 504 2116 rhetor
519 2057 699 2134 geometres
715 2053 823 2136 pictor
836 2054 952 2138 aliptes

141 2172 249 2237 augur
263 2151 494 2217 schoenobates
509 2149 654 2214 medicus
668 2171 793 2234 magus,
810 2152 919 2218 omnis
932 2153 1027 2219 novit

142 2250 322 2315 Graeculus
336 2247 500 2324 esuriens3
521 2245 556 2310 in
571 2247 707 2324 caelum,
724 2248 865 2325 iusseris,
882 2249 955 2315 ibit.

141 2347 178 2413 in
192 2366 319 2412 summe
332 2365 399 2409 non
414 2343 547 2408 Maurus
562 2350 752 2429 eretusque
766 2346 913 2411 Sermsta
927 2365 988 2416 neo
1002 2345 1114 2412 Thrax

141 2443 198 2528 qui
213 2442 353 2526 sumpsit
367 2441 493 2525 pinnas,
512 2441 628 2506 mediis
642 2443 699 2506 sed
713 2448 811 2507 uetus
825 2443 975 2509 Athenis.

141 2542 262 2606 horum
276 2559 335 2620 ego
349 2559 416 2602 non
430 2537 556 2621 rugiam
573 2539 771 2623 conchylis?
791 2561 843 2604 me
856 2541 946 2624 prior
958 2541 1015 2606 ille

141 2637 287 2722 signabit
299 2637 470 2719 fultusque
484 2640 557 2700 toro
572 2637 704 2701 meliore
719 2638 897 2716 recumbet,

141 2737 299 2801 advectus
313 2735 448 2798 Romam
463 2753 527 2816 quo
543 2753 649 2816 pruna
664 2739 697 2799 et
711 2739 845 2800 cottone
858 2736 985 2802 vento?

141 2853 246 2918 usque
260 2834 341 2897 adeo
354 2831 438 2895 nihil
452 2834 512 2907 est,
532 2833 621 2915 quod
634 2838 747 2897 nostra
759 2833 901 2898 infantia
913 2834 1043 2899 coelum

140 2930 254 2995 hausit
268 2928 424 2993 Aventini
438 2929 517 2992 beoe
532 2929 660 2994 nutrite
674 2930 793 2994 Sabine
808 2929 823 2995 i

141 3029 324 3112 quidquod
337 3027 492 3091 adolendi
509 3047 588 3110 gens
604 3028 858 3111 prudentissima
869 3029 985 3095 laudet

141 3144 324 3190 sermonem
338 3123 474 3202 indocti,
492 3125 610 3190 faciem
624 3125 780 3190 deformis
794 3126 900 3203 amici,
1078 3129 1081 3135 '

141 3226 177 3287 et
189 3223 326 3305 longum
339 3221 475 3287 invalidi
491 3223 610 3288 collum
626 3223 804 3288 cervicibus
818 3227 937 3308 aequet

141 3319 296 3384 Herculis
310 3318 475 3383 Antaeum
490 3321 605 3404 procul
619 3341 638 3385 e
652 3321 770 3385 tellure
784 3322 939 3399 tenentis,

140 3417 281 3480 miretur
295 3436 406 3480 vocem
420 3422 603 3500 angustam,
620 3438 684 3501 qus
699 3418 842 3482 deterius
855 3438 917 3483 nec

140 3515 198 3580 ille
213 3517 307 3579 sonat
321 3535 384 3599 quo
401 3515 569 3579 mordetur
584 3515 705 3599 galline
719 3516 837 3581 merito
852 3517 868 3580 i

140 3612 222 3677 hoec
236 3614 349 3677 eedem
362 3612 440 3676 licet
455 3617 488 3676 et
502 3614 595 3677 nobis
608 3614 752 3691 laudere,
769 3614 905 3679 sediliis

140 3709 298 3775 creditur.
342 3730 384 3773 en
399 3709 522 3787 melior,
540 3729 615 3774 cum
631 3709 757 3776 Thaide
771 3712 913 3776 sustinet
925 3714 983 3776 aut
996 3729 1073 3777 cum

140 3825 276 3872 uxorem
292 3807 465 3872 comoedus
479 3807 548 3891 egit
562 3808 613 3872 vel
628 3807 752 3876 Dorida
767 3809 862 3873 nullo
941 3859 944 3863 .
996 3852 998 3855 -
1121 3873 1127 3884 ,
