2909 4284
602 347 737 396 fflVBA
758 349 804 396 111

146 505 234 567 testa
246 499 337 580 ferit,
353 501 504 586 quotiens
518 501 636 569 rimosa
650 505 684 567 et
698 506 793 568 curta
805 501 958 567 fenestris

146 618 224 664 vasa
237 600 368 676 cudant,
386 605 509 683 quanto
524 619 714 684 percussum
727 600 872 682 pondere
886 597 1018 679 signent

147 699 182 760 et
195 696 328 760 laedant
348 696 480 760 silicem.
525 697 627 780 possis
641 696 779 778 ignavus
793 692 904 759 haberi

147 797 182 857 at
197 793 298 856 subiti
312 813 404 856 casus
419 793 630 876 improvidus,
647 793 689 856 cd
704 813 817 857 cenam
830 792 857 856 si

147 890 324 954 intestatus
339 910 412 954 eas:
433 890 513 954 adeo
529 894 582 954 tot
596 891 676 967 tata,
694 895 775 974 quot
788 890 845 954 illa

146 991 245 1050 nocte
258 991 374 1069 patent
386 987 500 1069 vigiles
514 991 548 1051 te
561 991 789 1070 praetereunte
802 988 974 1053 fenestrae.

123 1085 128 1094 ’
146 1102 226 1165 orgo
241 1089 332 1165 optes
345 1088 523 1167 votumque
537 1086 623 1147 feras
638 1084 819 1148 miserabile
833 1088 954 1160 tecum,

146 1184 187 1242 ut
201 1180 269 1244 sint
279 1185 450 1244 contentae
465 1180 594 1264 patulas
609 1181 789 1245 defundere
803 1183 920 1264 pelves.
998 1217 1004 1229 ·

146 1277 256 1340 ebrius
270 1298 308 1340 ao
320 1278 471 1360 petulans
483 1277 539 1361 qui
553 1278 683 1341 nullum
697 1278 784 1342 forte
798 1279 926 1355 cecidit,

146 1374 206 1437 dat
219 1393 350 1456 poenes,
365 1378 495 1438 noctem
510 1375 637 1457 patitur
648 1375 794 1457 lugentis
808 1375 949 1439 amicum

145 1470 291 1546 Pelidae,
308 1472 405 1535 cubat
420 1471 455 1534 in
469 1472 598 1548 faciem,
615 1493 691 1536 mox
706 1473 823 1536 deinde
837 1473 984 1554 supinus.

144 1587 224 1650 ergo
238 1588 304 1631 non
317 1568 413 1632 aliter
424 1568 546 1652 poterit
561 1569 702 1633 dormire
717 1589 727 1648 3
749 1569 943 1652 quibusdam

143 1685 298 1729 somnum
310 1665 379 1729 rixa
393 1665 484 1729 iacit.
529 1667 586 1731 scd
600 1666 749 1750 quamvis
762 1666 931 1749 improbus
945 1666 1040 1743 aunis

143 1767 246 1845 atque
259 1783 347 1827 mero
360 1763 489 1828 fervens
503 1767 596 1828 cavet
609 1763 710 1841 hunc,
727 1783 825 1848 quem
839 1762 972 1828 coccina
985 1762 1081 1827 laena

142 1859 244 1925 vitari
256 1860 348 1925 iubet
363 1865 397 1924 ct
411 1861 569 1926 comitum
581 1861 792 1946 longissimus
807 1862 898 1937 ordo,

140 1957 289 2021 multum
303 1962 468 2040 praeterea
482 1959 686 2024 flammarum
699 1962 734 2026 et
747 1979 847 2023 aenea
856 1958 989 2041 lampas.

141 2075 209 2131 me,
226 2075 322 2138 quem
334 2057 415 2120 luna
429 2056 511 2119 solet
526 2056 686 2120 deducere
698 2056 752 2120 vel
766 2057 862 2120 breve
875 2055 987 2118 lumen

141 2153 297 2216 candelae
312 2152 405 2216 ouius
420 2153 569 2236 dispenso
584 2157 775 2236 attempero
790 2154 893 2229 filum,

141 2250 336 2314 contemnit.
381 2250 515 2313 miserae
530 2270 686 2333 cognosce
700 2250 889 2335 prohoemia
902 2249 1000 2325 rixas,

141 2347 171 2411 si
185 2347 254 2411 rixa
268 2351 318 2411 est
332 2347 388 2410 ubi
404 2352 441 2410 tu
457 2348 576 2429 pulsas,
595 2367 655 2430 ego
669 2349 788 2430 vapulo
802 2353 943 2410 tantum.

140 2447 211 2508 stat
226 2447 339 2508 contra
353 2443 495 2525 starique
509 2444 611 2519 iubet,
628 2463 740 2524 parere
754 2463 883 2507 necesse
897 2447 969 2522 est3
997 2447 1000 2451 ’

137 2559 218 2604 nam
232 2539 313 2622 quid
326 2559 413 2623 agas,
430 2559 505 2604 cum
519 2542 552 2601 tc
567 2538 709 2602 furiosus
724 2542 820 2620 cogat
834 2542 868 2600 et
881 2537 967 2602 idem

136 2633 289 2699 fortior?
311 2641 335 2670 “
347 2635 433 2698 unde
448 2634 537 2697 venis
554 2633 598 2697 ?''
620 2634 779 2696 exclamat
797 2631 923 2695 “cuius
941 2635 1045 2710 aceto,

137 2733 236 2796 cuius
250 2731 372 2796 conche
385 2731 518 2794 tumes?
560 2732 632 2813 quis
646 2735 757 2794 tecum
772 2728 883 2794 sectile
896 2748 1030 2812 porrum

137 2833 235 2894 sutor
248 2832 282 2893 et
296 2828 373 2892 elixi
386 2828 527 2892 vervecis
541 2829 631 2891 labra
646 2828 787 2891 comedit
802 2828 817 2892 l

137 2927 190 2990 nil
203 2926 286 2990 mihi
300 2926 473 3008 respondes
489 2926 503 2989 l
544 2929 602 2989 aut
617 2925 670 2989 dic
685 2929 743 2988 aut
758 2926 868 3007 accipe
883 2924 1013 2987 calcem.

138 3025 201 3088 ede
216 3023 273 3088 ubi
288 3023 454 3104 consistas,
470 3022 506 3085 in
520 3026 632 3106 quate
647 3043 767 3105 quaero
780 3021 960 3105 proseucha
972 3019 986 3083 :³
996 3018 1017 3047 '⁹

138 3123 249 3186 dicere
264 3121 291 3185 si
305 3126 445 3204 temptes
459 3121 584 3203 aliquid
597 3121 758 3184 tacitusve
772 3119 913 3192 recedas,

138 3220 348 3283 tantumdem
362 3223 412 3282 ost
426 3240 434 3282 ε
455 3219 581 3282 feriunt
595 3219 727 3302 pariter,
741 3215 928 3282 vadimonia
941 3213 1058 3276 deindo

138 3317 218 3381 irati
231 3317 369 3381 iaciunt.
412 3317 546 3380 libertas
560 3317 711 3400 pauperis
725 3316 805 3379 haec
819 3319 890 3379 est:

138 3415 290 3498 pulsatus
304 3417 398 3496 rogat
412 3418 446 3477 et
459 3415 579 3496 pugnis
594 3414 743 3478 concisus
757 3415 871 3477 adorat

140 3516 182 3575 ut
193 3511 291 3576 liceat
305 3511 418 3594 paucis
433 3531 508 3574 oum
523 3512 677 3576 dentibus
691 3511 769 3575 inde
782 3511 911 3576 reverti.

66 3680 79 3696 s
127 3617 201 3673 'nce
216 3613 326 3672 tamen
340 3609 420 3673 haec
434 3612 566 3672 tantum
580 3615 716 3676 metuas.
759 3629 835 3672 nam
850 3609 907 3692 qui
921 3610 1039 3691 spoliet
1052 3615 1085 3673 ts

137 3727 208 3772 non
223 3706 308 3770 derit
322 3705 440 3769 clausis
459 3705 620 3783 domibus,
637 3710 812 3790 postquam
827 3704 932 3770 omnis
946 3705 1068 3789 ubique

138 3804 205 3866 fixa
219 3803 387 3866 catenatae
401 3799 493 3866 siluit
508 3820 664 3884 compago
677 3801 843 3865 tabernae.
972 3832 974 3839 ·
