2909 4284
421 897 463 970 n.
496 899 622 970 rvun
658 855 921 968 rvvnms

325 1095 1016 1261 SATVRARVM

437 1462 439 1470 '
503 1451 639 1517 LIBER
669 1451 836 1517 PRIMVS

579 1668 730 1724 SATVRA
744 1667 773 1733 Ι,

116 1823 255 1907 Semper
268 1842 329 1907 ago
343 1820 474 1888 auditor
486 1825 618 1886 tantum
633 1821 648 1886 i
675 1839 896 1904 numquamne
910 1839 1065 1905 rsponcrn

116 1925 255 1987 vexatus
269 1920 391 1986 totiens
409 1918 500 1985 rauci
515 1919 672 1983 Theseide
688 1918 815 1984 cordi?

116 2019 244 2102 inpune
259 2037 336 2100 ergo
350 2017 431 2082 mihi
444 2015 630 2082 recitaverit
644 2015 700 2080 ille
713 2020 853 2099 togatas,

116 2117 172 2181 hio
187 2116 296 2198 elegos
308 2115 323 2179 i
349 2109 473 2199 inpune
488 2115 575 2179 diem
589 2114 827 2197 consumpserit
840 2114 957 2197 ingens

116 2213 285 2296 Telephus
298 2217 357 2276 aut
370 2210 490 2276 summi
503 2212 600 2296 plena
613 2211 679 2275 iam
693 2212 840 2294 margine
852 2211 929 2275 libri
1198 2221 1219 2282 5

118 2311 262 2395 scriptus
276 2315 311 2374 et
323 2311 359 2374 in
373 2313 466 2392 tergo
480 2311 621 2374 necdum
635 2309 749 2372 finitus
765 2309 894 2373 Orestes
907 2309 923 2373 i

117 2413 198 2473 nota
211 2408 315 2490 magis
328 2407 413 2471 nulli
426 2408 543 2471 domus
557 2411 607 2470 est
621 2427 689 2483 sua,
707 2427 805 2490 quam
818 2406 900 2469 mihi
912 2406 1008 2472 lucus

117 2505 236 2570 Martis
250 2510 284 2569 et
297 2504 420 2570 Aeoliis
434 2505 579 2569 vicinum
592 2505 728 2587 rupibus
743 2507 876 2567 autrum

116 2601 262 2667 Vulcani
275 2623 285 2682 3
305 2601 386 2686 quid
400 2605 500 2684 agant
513 2601 615 2678 venti,
632 2621 712 2685 quas
733 2605 885 2683 torqueat
898 2602 1029 2666 umbras

117 2704 257 2777 Aeacus,
274 2700 363 2764 unde
377 2699 460 2764 alius
473 2699 617 2763 furtivae
631 2700 771 2764 devehat
790 2718 908 2763 aurum
1176 2699 1218 2764 10

116 2799 307 2880 pelliculas·
320 2801 458 2880 quantas
473 2796 635 2860 iaculetur
649 2797 832 2880 Monychus
846 2816 952 2873 ornos,

118 2895 295 2960 Frontonis
309 2893 435 2978 platani
448 2893 665 2978 convulsaque
679 2913 839 2957 marmore
853 2894 996 2957 clamant

117 3012 246 3075 semper
260 2995 294 3055 et
308 2991 445 3055 adsiduo
461 2995 577 3074 ruptae
591 2990 713 3054 lectore
729 2991 910 3054 columnae.

118 3091 269 3170 expectes
283 3086 397 3149 eadem
411 3106 431 3149 a
445 3104 572 3148 summo
586 3083 787 3166 minimoque
800 3087 907 3166 poeta.

117 3187 225 3247 atnoe
239 3202 316 3266 ergo
330 3181 602 3246 manumierulas
616 3181 841 3257 subduximus,
857 3185 966 3245 etnos
1179 3180 1217 3245 16

118 3280 292 3344 consilium
306 3279 455 3344 dedimus
470 3278 590 3356 Sullae,
605 3277 753 3364 privatus
767 3283 806 3342 ut
819 3278 925 3342 altum

117 3377 286 3442 dormiret.
328 3377 431 3442 stulta
444 3381 498 3442 est·
508 3376 690 3453 clementia,
707 3396 783 3440 cum
796 3380 848 3441 tot
861 3374 983 3460 ubique

118 3475 248 3538 vatibus
262 3494 423 3551 occurras,
439 3474 603 3558 periturae
616 3493 748 3558 parcere
762 3473 904 3538 chartae.

119 3593 177 3636 cur
189 3577 302 3636 tamen
315 3571 378 3636 hoo
392 3572 502 3656 potius
515 3571 616 3636 libeat
630 3572 800 3636 decurrere
815 3589 941 3653 campo,
1005 3587 1008 3592 ·

119 3689 175 3751 por
186 3691 284 3754 quem
298 3689 549 3752 magnus-equos
563 3669 737 3732 Auruncae
752 3667 843 3731 flexit
856 3667 1019 3745 alumnus,
1174 3670 1217 3731 20

121 3767 147 3830 si
160 3772 254 3834 vacat
266 3787 304 3833 ac
319 3766 439 3849 placidi
454 3766 612 3832 rationem
626 3765 814 3844 admittitis,
827 3766 932 3831 odam.
