2909 4284
218 359 264 427 44
588 350 621 400 n.
647 349 745 401 men
765 347 957 399 mussans

218 505 348 592 inponit
361 484 598 588 flnem'sapiens
610 505 644 567 et
657 501 752 566 rebus
764 499 922 580 bonestis3

218 625 295 670 nam
309 622 390 686 quae
403 603 497 668 docta
510 600 607 665 nimis
620 600 711 684 cupit
724 603 758 665 et
771 599 913 663 incunda
925 594 1039 674 videri,

218 721 310 767 crure
325 705 419 765 tenus
432 699 538 765 medio
551 699 677 762 tunicas
691 697 874 780 succingere
887 696 992 772 debet,

218 801 347 864 caedere
361 797 490 862 Silvano
503 817 648 880 porcum,
665 796 843 879 quadrante
856 792 966 858 lavari.

218 916 285 962 non
298 896 415 960 babeat
427 897 584 970 matrona,
600 893 660 958 tibi
675 914 756 977 quae
769 893 881 956 iuncte
892 887 1063 967 recumbit,

218 993 347 1059 dicendi
360 1013 474 1078 genus,
490 995 547 1057 aut
560 1012 694 1057 curvum
709 1009 854 1057 sermone
867 991 972 1053 rotato

218 1095 367 1176 torqueat
380 1091 595 1174 enthymema,
611 1110 670 1154 uec
684 1088 834 1154 historias
846 1087 926 1152 sciat
938 1103 1060 1162 omnes,

218 1189 274 1252 sed
289 1189 444 1272 quaedam
457 1208 496 1251 ex
510 1187 601 1252 libris
613 1191 648 1251 et
660 1207 725 1251 non
741 1186 919 1267 intellegat.
961 1181 1016 1248 odi

218 1285 302 1350 bunc
315 1305 375 1368 ego
389 1304 469 1367 quae
483 1285 600 1367 repetit
613 1284 777 1366 volvitque
791 1279 991 1347 Palaemonis
1003 1280 1107 1344 mmm

219 1386 342 1446 servata
354 1399 478 1464 semper
489 1381 561 1462 lege
574 1385 608 1445 et
620 1381 744 1445 ratione
756 1378 909 1463 loquendi

218 1478 408 1562 ignotosque
420 1477 502 1542 mibi
517 1482 606 1542 tenet
618 1476 801 1561 antiquaria
813 1495 923 1540 sersus

109 1583 112 1592 '
219 1595 278 1640 nee
292 1576 434 1640 curanda
446 1575 523 1641 uiris
536 1575 644 1658 opicae
658 1574 793 1654 castigat
805 1573 927 1638 amicae

218 1674 329 1740 verba:
350 1672 569 1736 soloecismum
581 1673 677 1736 liceat
690 1672 801 1735 iecisse
814 1670 942 1734 marito.

259 1770 308 1834 nil
321 1790 388 1834 non
401 1769 562 1852 permittit
575 1769 691 1832 mulier
704 1768 776 1845 sibi,
792 1770 888 1850 turpe
900 1769 996 1850 putat
1008 1764 1069 1842 nil,

219 1887 295 1932 oum
307 1866 425 1931 virides
438 1887 579 1948 gemmas
592 1867 674 1930 collo
687 1863 900 1929 circumdedit
912 1868 946 1927 et
958 1882 1036 1927 cum

219 1964 350 2028 auribus
363 1964 501 2028 extentis
514 1983 646 2045 magnos
659 1962 820 2026 commisit
834 1961 997 2040 elencho-3

220 2060 452 2124 intolerabilius
465 2060 547 2122 nihil
561 2064 609 2124 est
622 2078 717 2143 quam
732 2059 854 2122 femina
866 2059 967 2122 dives.

220 2157 341 2222 interea
354 2158 448 2221 foeda
461 2161 590 2240 aspectu
605 2157 800 2239 ridendaque
813 2156 918 2220 multo

219 2273 302 2338 pane
317 2258 423 2317 tumet
435 2255 532 2318 iacies
545 2258 602 2318 eut
615 2254 750 2336 pinguia
767 2254 957 2335 Poppaeana

220 2351 331 2434 spirat,
347 2355 382 2415 et
393 2351 470 2414 hinc
486 2351 592 2417 miseri
606 2351 770 2414 viscantur
783 2351 871 2414 labra
885 2349 1009 2413 maritis

220 2448 261 2511 cd
275 2447 445 2511 moechum
459 2449 525 2512 lota
537 2447 673 2512 veniunt
685 2449 768 2510 cute.
813 2446 942 2527 quando
955 2444 1057 2510 videri

220 2544 293 2608 vult
305 2545 467 2609 formonsa
480 2545 592 2608 domi?
631 2545 771 2607 moechis
783 2544 897 2607 loliate
909 2547 1076 2626 parantur,

220 2642 272 2705 his
285 2641 413 2717 emitur,
429 2641 587 2724 quidquid
602 2640 733 2722 gmciles
746 2641 811 2703 buc
824 2640 956 2704 mittitis
968 2640 1056 2703 Iudi.

220 2736 352 2801 tandem
365 2734 469 2819 aperit
481 2738 610 2801 vultum
624 2740 657 2800 et
670 2736 805 2800 tectoria
818 2737 924 2818 prima
936 2735 1078 2820 reponit,

220 2833 337 2916 incipit
350 2833 488 2915 agnosci,
504 2837 600 2914 atque
613 2834 670 2896 illo
683 2833 765 2898 lacte
778 2834 906 2897 fovetur

220 2931 452 3014 propterquod
466 2949 572 2992 secum
587 2931 718 2993 comites
732 2931 840 2994 educit
853 2931 965 2995 asellas

221 3028 297 3092 exul
311 3026 552 3108 Hyperboreum
567 3027 592 3088 si
606 3027 790 3090 dimittatur
803 3027 844 3090 ed
858 3048 961 3092 axem.

222 3125 277 3187 sed
291 3142 372 3203 quae
386 3123 518 3185 mutatis
531 3123 698 3186 inducitur
711 3128 806 3205 atque
820 3126 949 3188 fovetur

222 3224 272 3284 tot
285 3219 548 3282 medicaminibus
561 3224 728 3301 coctaeque
742 3221 878 3301 siliginis
891 3224 971 3286 offas

222 3315 340 3398 accipit
352 3319 386 3379 st
398 3317 554 3391 madidae,
570 3317 665 3379 facies
679 3318 805 3379 dicetur
817 3339 858 3380 an
872 3319 989 3382 ulcus?

263 3415 312 3475 est
324 3414 464 3494 pretium
478 3433 571 3475 cures
586 3413 714 3494 penitus
728 3433 914 3494 cognoscere
928 3418 998 3479 toto

224 3510 303 3592 quid
317 3509 438 3572 iaciant
451 3511 634 3592 agitentque
648 3510 709 3574 die.
755 3511 782 3573 si
796 3515 890 3574 nocte
904 3513 1041 3580 maritus

223 3624 350 3670 aversus
363 3605 471 3680 iacuit,
487 3606 584 3686 periit
596 3605 733 3681 libraria,
749 3613 877 3687 ponunt

215 3704 379 3769 ¹cosmetae
392 3700 527 3782 tunicas,
543 3701 633 3764 tarde
646 3701 766 3765 venisse
780 3704 944 3771 Liburnus

224 3795 344 3860 dicitur
356 3801 390 3860 et
402 3815 518 3880 poenas
531 3795 626 3861 alieni
640 3798 776 3881 pendere
790 3802 893 3866 somni
