2909 4284
229 353 272 402 20
594 343 628 391 D.
652 343 718 390 ΠΝ
720 343 751 390 11
771 342 963 389 1vvnrtsn1s

228 494 395 560 interdum
409 497 443 559 et
457 494 545 558 ferro
559 493 687 556 subitus
701 495 865 574 grassator
877 489 947 572 agit
960 507 1052 568 ram3
1266 489 1328 550 805

229 595 353 656 armato
368 591 520 674 quotiens
534 595 628 653 tutae
642 590 778 653 custode
792 591 948 650 tenentur

229 694 262 752 et
278 687 452 770 Pomptina
466 688 559 771 palus
574 693 607 750 et
623 686 801 751 Gallinaria
814 685 922 768 pinus,

154 795 163 819 l
229 786 274 850 sic
289 785 366 848 inde
381 785 445 848 huc
461 805 572 848 omnes
585 789 753 866 tamquam
768 783 809 845 ed
823 782 946 846 vivaria
959 782 1106 846 currunt.

229 904 294 967 qna
307 884 439 946 fornace
453 903 576 964 graves,
594 901 657 964 qua
667 901 735 943 nou
748 879 868 942 incude
882 883 1015 941 catenae
1029 877 1044 940 t

228 979 388 1044 maximus
402 979 438 1043 in
451 979 568 1042 vinclis
581 978 660 1041 icrri
676 978 803 1052 modus,
819 979 858 1038 nt
872 975 987 1039 timeas
1000 991 1043 1036 ne
1265 973 1328 1033 310

228 1099 339 1142 vomer
354 1077 496 1151 deliciet,
513 1095 554 1138 nc
569 1094 692 1138 marrae
707 1078 741 1137 et
755 1075 882 1137 sarcula
896 1075 1014 1137 desint.

228 1176 340 1240 felices
353 1192 547 1260 proavorum
561 1177 683 1246 atavos,
699 1171 810 1234 felicia
824 1173 912 1236 dicas

228 1273 356 1337 saecula
371 1291 453 1355 quae
469 1271 633 1354 quondum
647 1270 708 1332 sub
722 1270 853 1351 regibus
867 1275 966 1352 atque
979 1267 1123 1332 tribunis

228 1368 383 1432 viderunt
397 1389 463 1432 uno
478 1370 666 1430 contentam
681 1385 808 1429 carcere
823 1367 968 1430 Romam.

268 1465 319 1530 his
333 1467 412 1530 elias
425 1469 572 1550 poteram
586 1466 621 1526 et
634 1463 738 1546 pluris
752 1464 943 1527 subnectere
957 1482 1079 1526 causes.
1266 1463 1328 1524 315

228 1565 285 1628 scd
299 1564 446 1628 iumenta
460 1565 578 1626 vocant
593 1565 626 1623 et
640 1561 688 1624 sol
702 1561 852 1636 inclinet,
868 1561 1015 1624 eundum
1029 1562 1100 1638 est3

227 1682 304 1726 nam
318 1661 400 1725 mihi
415 1663 575 1724 commota
590 1659 654 1721 iam
668 1659 795 1721 dudum
809 1658 911 1721 mulio
924 1658 1016 1740 virga

228 1760 354 1824 adnuit.
400 1777 476 1840 ergo
490 1757 561 1820 vale
575 1755 678 1818 nostri
693 1775 827 1830 memor,
844 1760 878 1818 st
892 1755 1043 1838 quotiens
1057 1757 1091 1817 te

229 1858 331 1920 Roma
344 1861 404 1921 tuo
417 1852 505 1918 refici
519 1857 747 1935 properantem
760 1854 876 1916 reddet
890 1853 1032 1935 Aquino,

228 1973 280 2016 mc
295 1971 423 2036 quoque
437 1951 479 2014 ad
494 1949 668 2012 Helvinam
684 1949 832 2012 Cererem
846 1957 1051 2031 vestramque
1065 1947 1205 2011 Dianam
1267 1948 1329 2010 320

163 2119 166 2128 f
229 2055 381 2113 converte
396 2069 414 2112 u
430 2047 548 2110 Cumis
595 2051 779 2109 saturarum
793 2066 865 2128 ego,
880 2047 916 2108 ni
930 2046 1034 2129 pudet
1048 2044 1131 2120 illas,

228 2146 359 2210 auditor
372 2143 497 2237 gelidos
510 2143 638 2207 reniam
654 2141 815 2226 caligatus
828 2143 864 2205 iu
878 2142 996 2226 agros·'

671 2435 822 2490 SATVRA
845 2435 887 2490 IV

230 2569 316 2634 Eoos
329 2569 450 2634 iterum
465 2568 643 2651 Crispinus,
660 2572 694 2633 et
708 2574 758 2634 est
772 2571 853 2636 mihi
867 2594 962 2656 saepo
976 2552 1139 2638 vocandus
1220 2635 1224 2638 .

230 2665 272 2728 ad
286 2670 405 2748 partes,
422 2670 604 2727 monstrum
618 2667 710 2729 nullo
724 2667 848 2731 virtute
862 2666 1067 2752 redemptum

230 2783 250 2825 a
264 2762 364 2838 vitiis,
377 2780 491 2844 aegrae
505 2760 637 2844 solaque
651 2763 788 2827 libidine
803 2766 905 2829 fortes

231 2859 365 2922 deliciae
378 2879 387 2934 ;
402 2859 516 2922 viduos
531 2861 662 2922 tantum
677 2867 850 2942 spernatur
864 2864 1002 2928 adulter.

232 2957 311 3039 quid
325 2957 426 3019 reiert
441 2955 544 3037 igitur
559 2957 690 3036 quantis
705 2958 853 3024 iumenta
867 2962 986 3044 fatiget

231 3053 421 3137 porticibus,
438 3056 561 3135 quauta
575 3072 746 3119 nemorum
761 3062 909 3121 vectetur
923 3059 958 3122 in
972 3061 1097 3135 umbra,

231 3152 343 3233 iugera
357 3156 438 3233 quot
451 3150 558 3215 vicina
573 3151 656 3227 foro,
671 3174 751 3235 ques
766 3154 880 3218 emerit
894 3157 988 3220 aedes
1004 3156 1019 3220 l

230 3268 326 3312 nemo
340 3248 445 3312 malus
459 3248 550 3325 felix,
567 3250 701 3313 minime
716 3257 888 3336 corruptor
902 3257 936 3317 et
949 3253 1036 3318 idem

230 3346 385 3421 incestus,
401 3366 477 3409 oum
491 3367 556 3430 quo
570 3368 674 3430 nuper
688 3349 808 3412 vittata
822 3350 948 3415 iacebat

230 3442 388 3526 sanguine
402 3443 510 3508 adhuc
524 3445 598 3509 vivo
613 3449 734 3508 terram
749 3447 898 3511 subitura
912 3450 1069 3513 sacerdos.

230 3542 287 3605 sed
301 3561 389 3604 nuno
405 3541 444 3605 do
459 3543 556 3606 tactis
570 3543 755 3607 levioribus.
801 3549 957 3609 ettamen
971 3546 1054 3610 alter

230 3639 257 3703 si
274 3639 404 3701 iecisset
419 3639 517 3715 idem,
534 3631 663 3704 caderet
678 3642 739 3704 sub
753 3642 861 3705 iudice
876 3663 1024 3722 morum3

229 3756 306 3800 nam
320 3736 408 3817 quod
422 3739 518 3820 turpe
533 3738 625 3802 bonis
640 3738 728 3801 Titio
744 3738 892 3822 Seioque,
909 3741 1044 3806 decebat

232 3831 427 3915 crispinum.
473 3834 552 3916 quid
566 3854 651 3917 ogas,
670 3855 745 3898 cum
761 3837 831 3899 dire
845 3842 878 3899 ot
892 3837 1018 3901 foedior
1032 3839 1120 3905 omni
