2909 4284
226 355 272 424 40
595 352 628 402 n.
653 353 751 403 sven
771 353 963 404 ussurus

227 503 423 588 simpuvium
438 504 543 569 ridere
556 503 684 570 Numae
698 504 891 586 nigrumque
904 504 1049 568 catinum

226 607 260 667 et
275 601 430 667 Vaticano
442 602 573 685 fragiles
586 603 626 667 de
640 607 750 666 monte
762 602 897 685 patellas

225 721 322 765 ausus
334 702 428 764 eret?
468 701 679 764 sednuncud
694 719 773 782 qnae
786 720 851 764 nou
866 701 1106 766 Clodiuearasi
1266 701 1325 764 ⁸45

266 797 362 862 audie
376 797 455 879 quid
469 801 589 862 veteres
602 797 679 862 clim
693 797 850 862 monentis
862 799 972 862 amici:

228 896 330 979 ‘pone
344 914 456 971 serem,
473 895 631 978 prohibe’
674 895 728 958 sed
743 896 816 978 quie
828 896 988 960 custodiet
999 896 1087 980 ipsos

225 979 396 1056 custodes?
435 997 530 1056 canta
543 995 592 1055 est
604 996 638 1056 et
651 993 691 1056 ab
705 992 771 1056 illis
783 993 899 1077 incipit
912 1013 1003 1058 uxor.

225 1091 353 1172 iamque
366 1091 477 1154 eadem
491 1090 623 1154 summis
636 1090 756 1172 pariter
772 1091 977 1174 minimisque
991 1091 1104 1168 libido,

224 1205 284 1252 nec
297 1187 420 1265 melior,
435 1187 556 1252 silicem
570 1189 704 1270 pedibus
719 1209 800 1272 quae
813 1189 952 1253 conterit
963 1194 1083 1264 atrum,
1268 1188 1328 1252 850

225 1303 321 1366 quam
335 1305 416 1368 quae
428 1285 597 1365 longorum
612 1285 741 1349 vehitur
754 1288 874 1350 cervice
888 1287 1050 1368 Syrorum.

264 1386 303 1445 ut
316 1385 437 1464 spectet
450 1382 552 1458 ludos,
569 1383 721 1446 conducit
736 1381 877 1466 Ogulnio
888 1388 1020 1459 vestem,

223 1479 375 1544 conducit
387 1479 519 1543 comites
532 1479 640 1544 sellam
656 1481 791 1544 cervical
804 1481 921 1545 amicas

222 1576 381 1639 nutricem
396 1580 430 1639 et
442 1576 556 1640 flavam
569 1577 622 1640 cui
637 1578 693 1641 det
707 1578 858 1641 mundata
871 1578 1023 1660 puellam.

222 1673 300 1736 haec
315 1677 421 1736 tamen
435 1673 559 1756 argenti
574 1680 717 1756 superest
731 1676 955 1758 quodcumque
966 1672 1105 1758 paterni,
1267 1676 1328 1736 3ὄό

222 1770 344 1834 levibus
357 1770 487 1835 athletis
500 1774 534 1835 et
548 1790 621 1834 vesu
633 1772 804 1836 novissima
817 1774 931 1836 donet:

222 1866 335 1931 multis
347 1887 397 1931 res
410 1873 545 1950 anguste
558 1868 658 1944 domi,
675 1870 730 1932 sed
744 1871 834 1933 nulls
847 1871 1003 1953 pudorem

221 1965 419 2047 paupertatis
433 1965 528 2028 habet
541 1984 601 2028 nec
615 1985 648 2029 se
661 1967 796 2028 metitur
809 1968 850 2030 ud
864 1967 958 2030 illum

222 2079 318 2141 quem
331 2062 422 2126 dedit
435 2062 513 2126 haec
526 2063 697 2146 posuitque
711 2065 853 2129 modum.
898 2068 1007 2128 temen
1021 2064 1102 2128 utile
1116 2063 1196 2146 quid
1209 2063 1265 2139 sit,

221 2158 421 2240 prospiciunt
434 2159 606 2241 aliquando
620 2159 693 2235 viri,
709 2160 877 2243 frigusque
890 2163 1074 2243 famemque
1266 2163 1328 2224 360

221 2255 356 2318 formica
369 2256 500 2319 tandem
515 2257 645 2337 quidem
660 2277 813 2339 expavere
827 2259 993 2339 magistra:

220 2352 355 2433 prodiga
368 2372 434 2416 non
448 2355 546 2416 scutit
559 2358 747 2436 pereuntem
761 2355 883 2418 demina
896 2376 1039 2419 censum.

220 2468 257 2514 au
271 2449 360 2512 velut
372 2449 526 2514 exhausta
539 2451 701 2514 redivivus
714 2452 854 2533 pullulet
867 2473 940 2517 arca

174 2601 176 2604 ,
220 2564 374 2610 nummus
386 2550 420 2610 et
432 2566 450 2610 e
463 2547 559 2631 pleno
575 2549 706 2611 tollatur
720 2569 843 2631 semper
856 2570 978 2626 acervo,

220 2660 286 2706 non
299 2662 434 2726 usquam
448 2648 610 2726 reputant,
627 2645 741 2726 quanti
754 2646 815 2710 sibi
828 2648 946 2729 gaudie
958 2652 1115 2713 constent
1266 2651 1325 2713 365

219 2851 259 2900 vl
268 2837 316 2900 A..
352 2837 389 2902 in
404 2857 605 2920 quacumque
619 2840 714 2904 domo
729 2841 809 2905 vivit
821 2841 971 2924 luditque
983 2842 1146 2926 protessus

270 2949 272 2957 “
300 2935 491 2998 obseaenum
506 2937 643 3000 tremula
656 2938 819 3018 promittit
832 2944 866 3002 et
879 2939 987 3002 omnis
1000 2941 1129 3004 dextra:

300 3031 443 3096 invenies
456 3033 561 3095 omnis
574 3037 684 3115 turpes
698 3034 879 3116 similesque
892 3036 1044 3100 cinaedis.

299 3127 351 3192 his
365 3128 481 3192 violare
496 3129 582 3192 cibos
596 3149 763 3212 sacraeque
775 3133 926 3196 adsistere
939 3153 1066 3198 mensae

238 3230 258 3290 ὅ
299 3225 494 3308 permittunt
508 3229 541 3288 et
555 3246 628 3290 vasu
643 3227 756 3291 iubent
769 3230 948 3310 frangenda
960 3231 1072 3306 lavari,

299 3341 374 3384 cnm
388 3322 576 3404 colocyntha
590 3323 673 3386 bibit
687 3327 737 3389 vel
750 3346 825 3388 cum
838 3328 969 3390 barbata
982 3327 1144 3394 chelidon.
1166 3339 1170 3348 '

298 3418 410 3500 purior
424 3439 500 3499 ergo
515 3419 579 3482 tuis
592 3420 713 3483 laribus
726 3423 902 3504 meliorque
916 3423 1043 3501 lanista,

299 3515 334 3578 iu
349 3515 440 3579 cuius
454 3536 589 3579 numero
602 3517 698 3600 longe
711 3518 848 3599 migrare
862 3521 991 3584 iubetur

299 3612 425 3694 Psyllus
437 3613 478 3674 ab
492 3613 663 3694 Eupholio.
707 3615 785 3695 quid
800 3619 885 3697 quod
899 3638 958 3681 uec
971 3620 1053 3683 retia
1065 3621 1158 3704 turpi

219 3713 258 3774 10
299 3708 481 3789 iunguntur
494 3708 631 3784 tunicae,
648 3729 707 3773 nec
720 3710 800 3773 cella
813 3714 906 3794 ponit
925 3716 1036 3779 endem

300 3805 501 3866 munimenta
514 3804 616 3868 umeri
630 3805 874 3890 pulsantemque
887 3829 976 3874 arma
990 3813 1167 3879 tridentem
