2909 4284
598 311 733 362 RATVM
755 311 803 359 XV
887 335 889 340 ·

152 489 227 553 pars
239 468 329 545 haec,
345 467 402 534 illa
414 471 510 552 pavet
523 472 662 532 saturam
676 469 876 553 serpentibus
888 468 968 534 ibin.

153 567 272 648 effigies
285 566 365 629 sacri
379 566 464 628 nitet
476 584 573 628 aurea
585 566 806 649 cercopitheci,

153 665 289 729 dimidio
302 663 441 745 magicae
454 668 605 726 resonant
617 663 673 727 ubi
687 664 859 729 Memnone
873 664 1009 730 chordae

153 768 251 845 atque
264 766 355 825 vetus
368 760 476 824 Thebe
489 764 620 832 centnm
634 761 716 825 isoet
728 762 843 826 obruta
855 761 966 845 portis.

153 861 221 924 illio
234 860 367 934 aeluros,
383 858 438 921 bic
450 858 570 941 piscem
583 858 736 934 fluminis,
752 861 819 924 illio

153 957 272 1040 oppida
284 960 353 1020 tota
365 975 478 1020 canem
491 959 694 1032 venerantur,
710 976 806 1020 nemo
819 956 967 1021 Dianam.

155 1072 292 1134 porrum
305 1055 340 1114 et
352 1070 450 1133 caepe
463 1052 556 1114 nefas
569 1050 690 1115 violare
704 1054 738 1114 et
751 1051 901 1134 baegere
916 1070 1043 1131 morsn3

155 1169 177 1211 o
189 1151 314 1210 sanctas
326 1150 437 1228 gentes
451 1146 567 1228 quibus
579 1146 658 1210 baec
670 1151 851 1211 nascuntur
863 1147 899 1209 in
912 1144 1014 1209 hortis

155 1244 303 1306 numina.
346 1242 461 1306 lanatis
473 1242 665 1307 animalibus
677 1244 818 1308 abstinet
829 1243 934 1308 omnis

155 1361 277 1416 mensa,
293 1342 384 1404 nefas
397 1339 465 1404 illio
478 1341 582 1405 fetum
596 1339 742 1423 iugulare
755 1343 908 1425 capellae:

154 1438 306 1502 carnibus
318 1438 469 1502 humanis
481 1439 564 1502 vesci
577 1439 664 1503 licet.
706 1441 845 1504 attonito
858 1460 933 1505 oum

155 1538 220 1600 tale
234 1555 331 1620 snper
343 1557 455 1600 cenam
468 1537 594 1600 facinus
606 1542 750 1601 narraret
763 1538 874 1602 Vlixes

155 1635 304 1708 Alcinoo,
320 1634 417 1698 bilem
429 1637 488 1698 ant
500 1634 600 1697 risum
614 1635 748 1698 fortasse
762 1636 951 1717 quibusdam

155 1736 299 1797 moverat
312 1736 351 1795 ut
363 1722 501 1795 mendax
513 1732 700 1814 aretalogus
749 1733 803 1795 ‘in
816 1753 902 1798 mare
915 1753 1009 1798 nemo

155 1831 246 1894 hunc
259 1829 357 1894 abicit
369 1849 461 1893 saera
474 1830 610 1911 dignum
624 1849 761 1913 veraque
777 1830 948 1913 Charybdi,

155 1929 333 2009 fingentem
345 1926 491 1989 inmanes
505 1927 734 2010 Inestrygonas
746 1931 843 2010 atqua
858 1927 1034 2010 Cyclopas?

155 2045 234 2088 nam
247 2024 343 2088 citius
357 2024 495 2106 Scyllam
508 2024 558 2087 rel
571 2025 794 2088 concurrentia
807 2044 881 2088 saxa

156 2122 294 2205 Cyaneis
306 2123 417 2205 plenos
429 2125 463 2185 et
477 2122 717 2203 tempestatibus
730 2127 818 2186 utres

156 2220 347 2284 crediderim
361 2223 418 2283 aut
432 2218 523 2283 teum
535 2238 722 2300 percussum
736 2220 864 2284 verbere
878 2220 985 2284 (lirosa

155 2322 279 2382 etcum
292 2315 466 2398 remigibus
478 2316 646 2398 grunnisse
660 2316 821 2399 Elpenora
833 2317 949 2399 porcis.

156 2421 227 2480 tam
239 2415 332 2479 raoni
344 2413 459 2497 capitis
470 2415 628 2496 populum
643 2413 785 2477 Phaeaca
797 2414 969 2497 putavit?'

155 2514 204 2577 sic
217 2512 334 2594 aliquis
346 2510 461 2576 merito
474 2513 619 2574 nondum
632 2510 739 2574 ebrius
753 2515 787 2574 at
800 2511 971 2574 minimum
985 2509 1042 2595 qui

66 2612 69 2619 '
155 2613 200 2674 de
214 2610 387 2691 (lorcyraea
399 2612 554 2672 temetum
567 2608 704 2672 (luxerat
717 2628 814 2685 urna;

156 2708 245 2772 solus
257 2705 345 2770 enim
357 2705 437 2769 hace
450 2706 581 2769 Ithacus
594 2706 686 2768 nullo
699 2706 759 2770 sub
773 2710 854 2770 teste
868 2707 1009 2770 canebat.

156 2825 218 2869 nos
230 2803 377 2868 miranda
390 2802 520 2884 quidem
533 2803 589 2866 sed
602 2821 706 2886 nuper
719 2803 848 2867 consula
862 2803 964 2866 Iunco

155 2905 249 2984 gesta
262 2920 356 2984 super
369 2899 489 2964 calidae
501 2900 677 2963 referemus
690 2900 816 2964 moenia
830 2899 937 2983 (lopti,

156 3019 218 3062 nos
230 2996 320 3078 vulgi
333 2997 434 3061 scelus
446 3000 481 3060 et
493 2998 619 3060 cunctis
632 2997 778 3079 graviora
791 2997 971 3076 cothurnis3

157 3114 236 3158 nam
248 3093 360 3170 scelus,
376 3114 396 3158 a
409 3094 532 3176 Pyrrha
546 3114 740 3177 quamquam
754 3094 863 3158 omnia
875 3091 1014 3177 syrmata
1028 3093 1144 3170 volsas,

158 3192 269 3255 nullus
281 3194 362 3273 aput
374 3190 512 3272 tragicos
523 3193 662 3275 populus
675 3191 767 3255 iacit.
809 3193 927 3273 accipe,
944 3195 1051 3256 nostro

158 3290 230 3352 dira
243 3288 330 3371 qnod
343 3289 527 3372 exemplum
542 3289 653 3354 feritas
666 3290 856 3374 produxerit
868 3310 955 3354 aero.

199 3386 287 3450 inter
299 3385 454 3450 finitimos
466 3392 559 3451 vetus
571 3390 668 3470 atqua
682 3387 817 3470 antiqua
831 3388 987 3465 simultas,

159 3484 329 3548 inmortale
342 3484 454 3549 odium
466 3490 501 3549 et
513 3505 692 3567 numquam
706 3486 846 3550 sanabile
860 3486 979 3550 vulnus

160 3584 250 3646 ardet
264 3583 370 3646 adhue
385 3581 503 3646 Ombos
517 3587 551 3645 et
564 3582 716 3665 Tentyra.
762 3603 906 3646 summus
920 3583 1085 3665 utrimque

161 3681 234 3744 inde
249 3680 341 3742 furor
354 3680 459 3761 volgo,
475 3680 562 3762 qnod
575 3681 711 3745 numina
724 3680 905 3745 vicinorum

160 3778 229 3840 odit
243 3779 379 3857 uterque
392 3775 492 3851 locus,
507 3797 583 3841 oum
596 3778 678 3842 solos
691 3779 799 3843 credat
813 3776 976 3843 habendus
