2909 4284
229 329 273 395 26
596 341 628 391 a.
652 341 751 392 rvrvn
771 339 963 391 rvvrnaus

230 497 362 575 Setinis,
378 497 472 564 euius
486 496 626 582 patriam
640 497 843 582 titulumque
856 500 1007 562 senectus

230 597 350 661 delevit
363 596 469 660 multa
482 596 601 659 veteris
615 595 756 677 iuligine
771 600 884 673 testae,

229 696 324 777 quale
338 693 484 760 coronati
499 695 641 758 Thrasea
655 693 892 776 Helvidiusque
906 693 1060 759 bibebant

230 792 408 855 Brutorum
421 796 456 855 et
471 789 561 854 Oasai
573 791 748 855 natalibus.
791 790 861 875 ipse
875 809 1006 872 capaces

229 887 406 952 Heliadum
419 892 544 953 crustas
558 892 593 951 et
606 887 791 970 inaequales
804 888 930 950 berullo

228 985 325 1049 Virro
338 989 431 1048 tenet
443 985 591 1068 phialaer
611 984 672 1048 tibi
686 1004 755 1047 non
768 984 988 1048 eemmittitur
1001 1003 1128 1063 aarum,
1211 967 1219 982 ⁸

228 1083 279 1146 vel
293 1082 320 1154 si
335 1084 465 1166 quando
480 1082 588 1158 datur,
605 1085 714 1146 austes
728 1082 854 1145 adfixus
871 1081 1002 1157 ibidem,

229 1179 285 1261 qui
299 1183 449 1243 numeret
462 1198 616 1261 gemmas,
633 1197 760 1261 ungnes
775 1179 922 1242 observet
935 1181 1059 1241 acutos.

229 1276 270 1340 da
284 1276 422 1352 veniam,
438 1276 602 1359 praeclara
615 1275 665 1339 illi
676 1276 830 1340 laudetur
844 1275 962 1358 iaspis3

228 1393 305 1436 nam
318 1373 426 1448 Virro,
443 1377 481 1436 ut
495 1373 604 1450 multi,
621 1391 766 1455 gemmas
780 1373 823 1436 ad
836 1371 955 1456 poeula
968 1370 1125 1436 transfert

229 1492 248 1534 a
262 1470 384 1555 digitis,
401 1491 481 1554 quae
494 1469 530 1534 in
543 1470 680 1553 vaginae
693 1470 804 1535 irente
818 1469 941 1534 solebat

228 1586 347 1650 ponere
362 1568 508 1652 zelotypo
522 1567 649 1632 invenis
663 1568 827 1651 praelatus
841 1567 964 1632 Iarbae.

228 1668 267 1728 tu
281 1664 502 1730 Beneventani
516 1665 636 1730 sutoris
650 1684 769 1729 nomen
783 1664 958 1730 habentem

228 1762 362 1826 siccabis
376 1762 509 1827 calicem
522 1782 676 1827 nasorum
691 1765 847 1844 quattuor
861 1782 898 1825 ae
912 1762 977 1826 iam

228 1864 415 1942 quassatum
429 1866 463 1924 et
476 1865 575 1944 rupto
589 1867 777 1944 poscentem
791 1859 924 1942 sulpura
937 1859 1031 1925 vitro.

227 1957 255 2021 si
269 1958 454 2022 stomachus
469 1957 592 2021 domini
606 1957 712 2021 fervet
726 1955 867 2039 vinoque
881 1956 1028 2040 ciboque,

227 2053 378 2136 frigidior
392 2053 514 2118 Geticis
528 2054 653 2137 petitur
668 2053 802 2117 decocta
815 2053 961 2136 pruinis:

227 2167 295 2214 non
309 2151 421 2214 eadem
434 2151 525 2216 vobis
534 2151 616 2244 poni
630 2150 727 2215 modo
742 2151 818 2215 vina
832 2149 1019 2235 querebar?

226 2264 283 2308 vos
297 2243 393 2308 uliam
406 2243 527 2326 potatis
541 2262 667 2326 aquam.
713 2239 775 2304 tibi
789 2241 908 2321 pocula
921 2254 1034 2301 cursor

227 2340 385 2404 Gaetulus
400 2340 490 2402 dabit
504 2341 562 2403 ant
575 2336 661 2420 nigri
676 2355 792 2399 manns
807 2354 896 2398 ossea
910 2331 1017 2396 Mauri

226 2442 262 2504 et
275 2438 329 2502 cui
342 2458 400 2521 per
414 2436 553 2500 mediam
566 2434 650 2498 nolis
664 2453 833 2498 occurrere
846 2436 987 2508 noctem,

227 2535 365 2600 clivosae
378 2533 504 2599 veheris
518 2533 669 2614 damper
683 2534 895 2594 monumenta
910 2527 1067 2594 Iustinae:

227 2633 286 2698 flos
300 2631 396 2697 Asiae
409 2635 485 2695 ante
499 2631 618 2711 ipsum,
634 2629 740 2712 pretio
754 2628 876 2692 maiore
890 2629 1023 2710 paratus

227 2750 326 2814 qnam
339 2729 406 2792 ruit
419 2731 453 2791 et
467 2726 556 2790 Tulli
571 2747 685 2790 census
700 2726 858 2810 pugnacis
872 2730 906 2788 et
920 2723 1005 2788 Anci

228 2831 273 2904 et,
288 2846 330 2890 ne
344 2830 378 2890 te
392 2829 531 2900 teneam,
548 2825 769 2888 Romanorum
786 2823 895 2888 omnia
910 2841 1024 2905 regum

230 2925 354 2993 irivola.
389 2922 487 3006 'quod
501 2943 576 2986 cnm
589 2922 637 2986 ita
651 2922 705 2999 sit,
722 2926 762 2986 tn
779 2922 955 2986 Gaetulum
970 2920 1191 3003 Ganymedem

229 3022 361 3104 respice,
379 3041 454 3085 enm
468 3020 568 3084 sities.
611 3019 716 3084 nescit
729 3024 782 3083 tot
796 3019 928 3083 milibus
942 3022 1071 3101 emptus

229 3119 424 3205 pauperibus
438 3119 571 3183 miscere
585 3139 666 3202 puer
680 3139 689 3198 3
711 3118 768 3182 sed
782 3118 898 3193 forma,
916 3117 972 3181 sed
986 3121 1074 3180 aetas

229 3218 329 3299 digna
342 3216 525 3299 supercilio.
570 3217 699 3299 quaudo
713 3216 756 3280 ad
770 3219 804 3279 te
818 3214 968 3298 pervenit
982 3213 1066 3278 iller

230 3314 360 3398 quando
374 3318 507 3396 rogatus
521 3314 613 3378 adest
626 3315 749 3378 calidae
763 3313 952 3396 gelidaeque
967 3309 1145 3377 minister?
1198 3328 1201 3334 '

229 3411 350 3495 quippe
362 3410 554 3493 indignatur
567 3410 669 3474 veteri
684 3429 795 3492 parere
810 3409 923 3473 clienti

229 3508 381 3593 qnodque
396 3508 520 3590 aliquid
534 3528 646 3591 poscas
661 3511 695 3570 et
709 3506 797 3590 qnod
812 3526 845 3570 se
860 3510 968 3570 stante
981 3505 1160 3570 recumbas.
1291 3506 1330 3571 dd

229 3606 370 3670 maxima
383 3625 529 3688 quaeque
543 3606 658 3668 domus
670 3604 769 3669 servis
784 3612 833 3667 est
846 3604 943 3686 plena
958 3602 1115 3686 superbia.
1160 3671 1166 3683 ,

230 3730 304 3775 ecce
318 3710 401 3774 alius
415 3713 538 3792 quanto
552 3707 696 3793 porrexit
710 3727 876 3772 murmure
890 3728 1009 3791 panem

230 3807 286 3872 vix
299 3807 454 3885 tractum,
471 3806 592 3871 solidae
606 3805 672 3869 iam
687 3805 816 3868 mucida
829 3806 936 3869 frusta
949 3806 1085 3879 farinae,
