2909 4284
213 336 251 387 12
577 331 610 381 D.
635 330 733 380 mm
754 329 947 378 lvvuums

208 475 266 561 ire,
282 483 437 568 fatigatas
451 481 508 548 ubi
522 481 686 548 Daedalus
701 481 792 548 exuit
805 481 884 558 elas,

208 582 288 646 dum
301 601 386 647 nove
396 579 541 656 canities,
559 581 638 644 dum
652 579 758 662 prima
771 585 805 644 et
819 583 909 643 recta
922 581 1083 652 senectus,

209 681 288 744 dum
302 682 449 760 superest
463 677 599 742 Lachesi
613 677 702 761 quod
715 680 878 760 torqueat,
896 680 930 740 et
943 675 1080 759 pedibus
1093 691 1146 738 me

208 781 303 858 porto
317 775 397 839 meis
411 775 503 838 nullo
519 775 667 838 dextram
682 775 843 838 subeunte
858 774 986 838 bacillo.

208 874 360 937 cedamus
374 872 490 956 patria.
534 871 647 936 vivant
663 871 815 936 Artorius
830 871 905 934 istic

208 976 242 1034 et
257 970 405 1046 Oatulus,
422 971 575 1034 meneeut
589 968 646 1052 qui
660 968 792 1051 nigrum
807 968 843 1032 in
857 967 997 1032 candide
1009 968 1155 1042 vertunt,

207 1069 282 1152 quis
294 1067 391 1133 facile
405 1072 455 1132 est
468 1068 582 1131 eedem
597 1067 779 1131 conducere
794 1066 930 1130 flumina
943 1068 1069 1148 portus,

207 1165 390 1230 siccandam
405 1165 555 1238 eluviem,
572 1165 772 1248 portandum
786 1165 828 1228 ad
843 1164 940 1232 buste
953 1162 1101 1238 cadauer,

207 1266 241 1326 et
255 1263 406 1344 preebere
421 1265 521 1345 caput
536 1261 668 1325 domina
682 1261 795 1325 renale
810 1262 871 1324 sub
885 1261 990 1324 haste.

207 1360 370 1441 quondam
383 1359 419 1422 hi
433 1359 612 1424 cornicines
627 1362 660 1422 et
674 1358 880 1441 municipalis
894 1357 1033 1421 harenae

206 1456 357 1538 perpetui
370 1456 505 1520 comites
519 1460 680 1538 notaeque
694 1474 753 1538 per
767 1454 887 1537 oppida
901 1455 1034 1530 buccae,

206 1572 342 1616 munera
355 1573 444 1616 nuno
458 1554 562 1616 edunt
576 1557 610 1616 et
624 1573 716 1616 verso
732 1552 850 1634 pollice
864 1551 984 1634 vulgus

206 1669 283 1714 cum
296 1650 399 1726 iubet,
415 1650 571 1714 occidunt
585 1649 787 1733 populariter
799 1670 809 1728 ς
829 1648 907 1713 inde
920 1646 1040 1712 reversi

206 1747 397 1812 conducunt
409 1747 540 1823 sorices,
556 1751 590 1810 et
604 1766 663 1810 cur
676 1767 744 1810 non
758 1745 895 1810 omnia?
935 1765 1012 1808 cum
1025 1743 1105 1822 sint,

206 1842 963 1927 qualesexhnmilimagueadiastigiererum
1181 1842 1183 1845 ’

206 1941 335 2005 extollit
349 1941 500 2024 quotiens
514 1940 619 2004 voluit
634 1941 782 2003 Fortuna
795 1939 905 2003 iocari.

206 2038 287 2120 quid
300 2039 421 2102 Romae
434 2037 581 2102 faciem?
621 2036 754 2100 mentiri
768 2036 878 2099 nescio
886 2056 897 2114 ;
916 2036 1049 2112 librum,

206 2134 234 2197 ai
248 2135 353 2198 melus
367 2137 427 2210 est,
443 2154 569 2217 nequeo
583 2134 718 2197 leudarc
733 2137 767 2196 et
781 2152 912 2214 poscere
926 2153 936 2210 ;
957 2137 1067 2196 motus

206 2234 368 2296 astrorum
380 2230 496 2312 ignoro
509 2252 519 2309 ς
539 2230 641 2294 funus
655 2229 846 2312 promittere
860 2228 963 2311 petris

206 2347 266 2390 nec
280 2328 354 2391 volo
367 2347 427 2392 nec
441 2347 572 2410 possum
585 2348 595 2405 ;
615 2346 770 2390 ranarum
784 2326 907 2390 viscere
920 2345 1103 2408 numquam

205 2424 333 2506 inspexi
345 2446 355 2504 ;
375 2426 460 2488 ferre
475 2425 517 2490 ad
530 2429 668 2507 nuptam
683 2444 766 2506 quae
780 2423 885 2486 mittit
899 2424 1040 2498 adulter,

207 2541 290 2603 quee
303 2522 449 2597 mandat,
464 2526 588 2585 norunt
601 2522 657 2585 elii
672 2543 681 2598 ;
702 2541 755 2584 me
769 2540 864 2583 nemo
879 2521 1030 2585 ministro

206 2617 350 2693 iuuerit,
366 2622 465 2701 atque
478 2618 551 2682 ideo
563 2618 647 2681 nulli
663 2638 769 2681 comes
784 2636 862 2680 exeo
876 2621 1045 2699 tamquam

206 2733 342 2778 mancus
355 2719 389 2778 et
404 2715 577 2790 extinctae,
595 2735 711 2796 corpus
725 2734 792 2776 non
807 2715 900 2789 utile,
918 2715 1062 2778 deitrae.

207 2811 280 2893 quis
294 2829 383 2873 nune
399 2811 549 2892 diligitur
563 2812 627 2874 nisi
642 2811 791 2875 conscius
805 2815 839 2874 et
854 2811 907 2874 cui
921 2811 1052 2875 fervens

207 2910 335 2971 aestuat
349 2907 486 2971 occultis
501 2909 628 2971 animus
642 2928 832 2990 semperque
846 2907 1021 2972 tacendis?

207 3003 255 3066 nil
270 3003 331 3066 tibi
345 3023 378 3066 se
393 3004 509 3066 debere
523 3009 630 3085 putet,
648 3005 695 3067 nil
711 3005 859 3068 conferet
873 3024 1042 3088 umquam,

207 3099 400 3182 participem
415 3099 471 3182 qui
485 3104 519 3164 te
534 3101 649 3164 secreti
663 3102 747 3164 iecit
757 3101 910 3164 honestis

208 3216 302 3260 carus
316 3197 378 3259 erit
391 3196 498 3271 Verri,
516 3197 572 3278 qui
586 3198 721 3261 Verrem
736 3201 883 3278 tempore
898 3219 964 3280 quo
977 3198 1052 3263 vult

208 3313 359 3357 accusare
373 3297 491 3375 potest.
535 3295 621 3356 tanti
635 3295 695 3356 tibi
710 3295 835 3357 nonsit
850 3296 942 3376 opeci

209 3390 314 3453 omnis
328 3390 448 3476 harena
463 3390 545 3472 Tagi
559 3392 709 3472 quodque
723 3392 758 3454 in
773 3412 860 3455 mare
874 3393 1020 3456 volvitur
1033 3414 1165 3474 aurum,

209 3491 248 3548 ut
262 3506 375 3549 somno
392 3505 500 3550 careas
515 3488 729 3569 ponendaque
744 3489 887 3568 praemia
902 3509 1012 3554 sumas

208 3583 313 3648 tristis
326 3586 360 3646 et
374 3602 393 3645 a
407 3602 525 3665 magno
540 3603 664 3664 semper
678 3584 823 3647 timearis
836 3585 952 3650 amico.

250 3700 333 3762 quae
345 3699 434 3744 nunu
449 3679 604 3744 divitibus
619 3699 698 3762 gens
712 3681 936 3762 acceptissima
949 3684 1072 3748 nostris

209 3779 243 3842 et
257 3795 338 3860 quos
352 3776 524 3861 praecipue
538 3776 675 3860 fugiam,
691 3779 870 3859 properabo
884 3779 995 3857 fateri,
