2909 4284
244 237 288 316 48
614 249 648 298 n.
672 249 770 298 rvrm
790 247 982 299 rvrrrrsms

244 398 408 484 praebebit
422 397 488 464 vati
501 400 647 466 crebrum
661 421 839 485 poppysma
851 399 989 484 roganti.

244 497 399 561 divitibus
412 517 560 581 response
572 499 697 562 dabunt
711 499 820 581 Phryx
833 518 936 581 augur
949 501 983 563 et
996 497 1106 574 Indae,

243 595 423 659 conductus
435 595 526 658 dabit
538 600 696 660 astrorum
710 597 887 678 mundique
899 596 1023 679 peritus

244 697 341 773 atque
353 691 469 775 aliquis
482 693 587 757 senior
601 693 656 775 qui
671 694 799 776 publiea
811 693 943 774 fulgura
955 691 1080 756 condit:

243 787 404 873 plebeium
418 790 454 853 iu
467 789 551 854 circo
564 791 705 874 positum
719 796 767 855 est
780 795 814 855 et
826 791 860 854 in
875 811 988 874 aggere
1000 790 1121 868 latnm3

245 906 326 969 quse
341 888 437 952 nudis
449 888 584 970 longum
598 889 739 952 ostendit
752 888 927 953 cervicibus
940 906 1066 963 surum,

243 985 384 1049 consulit
396 991 471 1050 anta
485 986 565 1049 tales
579 986 869 1069 delphinorumque
882 986 1057 1060 columnus,

243 1103 286 1146 an
300 1102 374 1164 saga
387 1085 540 1147 vendenti
555 1085 657 1147 nubat
669 1104 812 1167 caupone
825 1084 946 1147 relicte.

284 1179 344 1244 hoe
357 1185 467 1245 tamen
479 1186 514 1245 st
526 1185 637 1265 pertus
650 1182 791 1245 subeunt
804 1181 975 1245 discrimen
988 1183 1022 1244 et
1034 1178 1138 1244 omnis

244 1277 380 1342 nutricis
394 1279 532 1343 tolerent
544 1279 677 1343 fortuna
690 1283 848 1360 urguente
860 1279 994 1353 labores,

244 1375 299 1438 sed
313 1375 395 1439 iacet
407 1379 519 1439 aurato
533 1376 587 1438 rix
600 1377 668 1440 ulle
680 1396 837 1459 puerpera
848 1376 941 1440 lecto.

244 1476 374 1536 tautum
387 1477 471 1536 artes
485 1473 591 1550 huius,
607 1478 737 1537 tantum
752 1472 963 1537 medicamina
975 1475 1119 1556 possunt,

244 1590 326 1652 quae
339 1570 461 1635 steriles
474 1570 662 1653 incitatque
675 1571 823 1634 homines
837 1571 872 1633 in
887 1574 998 1633 ventre
1012 1569 1170 1634 necandos

244 1668 404 1732 conducit
448 1669 563 1750 gande
579 1668 703 1744 infelix,
719 1675 816 1750 atque
829 1668 896 1750 ipse
910 1667 1084 1731 bibendum

243 1763 370 1848 porrige
384 1764 542 1848 quidquid
555 1765 632 1844 erit;
654 1785 730 1828 nam
744 1766 771 1828 si
784 1765 965 1829 distendere
979 1763 1075 1828 uellet

244 1865 278 1925 et
291 1882 403 1927 vexare
416 1867 544 1926 uterum
558 1862 665 1947 pueris
678 1863 876 1939 salientibus,
892 1882 973 1926 esses

244 1958 413 2042 Aethiopis
426 1960 558 2023 fortasse
571 1963 674 2042 pater,
690 1980 764 2023 mox
778 1960 905 2023 decolor
918 1959 1008 2024 heres

244 2056 392 2139 impleret
405 2057 530 2122 tubulas
542 2077 719 2139 numquam
734 2057 794 2120 tibi
808 2077 902 2122 mane
915 2057 1082 2121 videndus.

244 2159 370 2217 mansee
383 2155 562 2236 suppositos
574 2158 608 2218 et
621 2154 739 2236 gaudia
752 2160 888 2236 votoque
902 2174 994 2237 ssepe

243 2250 285 2313 ad
299 2270 428 2331 spurcos
441 2251 573 2333 decepta
586 2252 673 2314 lacus
685 2256 784 2332 utque
797 2252 872 2316 inde
885 2252 1004 2334 petitos

243 2347 420 2429 pontifices,
435 2347 528 2412 salios
542 2349 734 2412 Scaurorum
748 2349 878 2413 nomina
892 2350 973 2413 ialso

243 2464 373 2527 corpore
386 2444 517 2509 laturos.
560 2450 624 2509 stat
638 2445 783 2510 Fortuna
796 2446 929 2528 inproba
942 2449 1040 2509 noctu

243 2541 393 2605 adridens
406 2542 502 2606 nudis
515 2543 705 2620 infantibus,
720 2544 780 2607 hos
792 2545 882 2606 fovet
895 2543 983 2606 omni

243 2638 442 2721 involvitque
456 2640 540 2714 sinu,
556 2640 703 2704 domibus
717 2645 797 2704 tunc
809 2641 948 2724 porrigit
960 2640 1034 2704 altis

243 2739 463 2817 secretumque
477 2736 537 2799 sib'i
551 2737 688 2800 mimum
701 2743 809 2820 paret3
831 2738 889 2800 hos
902 2743 1000 2814 amat,
1015 2737 1067 2802 his
1079 2756 1114 2802 se

243 2831 363 2912 ingerit
376 2836 477 2912 utque
490 2854 563 2896 suos
576 2854 698 2917 semper
712 2835 862 2916 producit
874 2835 1031 2898 alumnos.

284 2928 337 2991 hic
350 2928 489 3009 magicos
501 2931 608 2993 ediert
620 2935 745 3007 cantus,
761 2931 815 2995 hio
829 2932 980 2996 Thessala
993 2932 1106 2997 rendit

243 3023 375 3107 philtra,
392 3024 507 3106 quibus
520 3026 623 3090 valeat
636 3033 777 3091 mentem
791 3049 904 3092 vexare
918 3028 1027 3093 mariti

243 3126 277 3184 et
289 3121 373 3184 solea
386 3120 511 3203 pulsare
525 3121 619 3185 natis.
663 3126 749 3205 quod
764 3124 893 3207 desipis,
909 3125 985 3190 inde
998 3129 1057 3203 ost,

243 3217 319 3281 inde
332 3216 432 3280 animi
445 3217 547 3300 caligo
560 3222 593 3281 et
607 3239 723 3302 magna
737 3221 854 3285 oblivio
868 3243 975 3286 rerum

244 3334 322 3396 quus
335 3313 430 3377 modo
443 3314 576 3395 gessisti.
621 3319 727 3381 tamen
742 3318 803 3381 hoc
817 3318 990 3395 tolerabile,
1006 3318 1033 3383 si
1047 3339 1114 3386 nou

242 3415 276 3475 et
290 3412 396 3474 furere
410 3410 543 3492 incipias
556 3416 594 3474 ut
607 3414 784 3476 avunculus
797 3415 852 3478 ille
866 3417 1014 3492 Neronis,

243 3506 296 3570 cui
310 3511 410 3570 totam
426 3508 554 3570 tremuli
569 3509 708 3573 frontem
724 3512 875 3576 Caesonia
887 3512 969 3596 pulli

243 3603 383 3681 infudit3
405 3623 484 3684 quse
497 3623 563 3667 non
577 3604 674 3668 faciet
687 3609 772 3688 quod
786 3609 940 3691 principis
953 3612 1060 3674 uxor?

243 3700 397 3763 ardebant
410 3704 526 3764 cuncta
539 3704 573 3763 et
585 3702 688 3766 sraela
700 3724 841 3787 conpage
855 3708 1001 3785 ruebant,
