2909 4284
570 301 704 352 SATVBA
725 301 765 350 11

112 453 284 538 obsequere
298 452 443 538 imperio,
459 453 584 534 sitanti
597 455 664 518 vitu
678 452 805 517 dierum

112 572 299 637 pancorum.
344 552 502 634 quidquid
516 552 618 616 levius
631 551 783 615 meliusve
797 548 932 634 putaris,

112 651 295 732 praebenda
308 655 357 714 est
370 649 476 732 gladio
489 650 624 732 pulchra
637 649 715 712 haee
730 652 764 712 et
777 648 915 712 eandida
926 648 1044 716 aemil.

154 749 203 812 nil
218 769 293 831 ergo
307 749 466 832 optabunt
479 747 648 810 homines?
690 747 716 810 si
731 747 901 810 eonsilium
915 745 974 825 vis,

113 845 281 929 permittes
294 845 372 930 ipsis
385 846 561 928 expendere
576 844 764 909 numinibus
779 845 858 927 quid

113 945 284 1009 eonveuiat
296 943 389 1008 nobis
401 944 558 1025 rebusque
572 943 614 1007 sit
627 943 708 1007 utile
721 943 849 1008 nostris.

113 1063 190 1106 nam
204 1063 264 1126 pru
276 1041 427 1106 iucundis
440 1041 604 1124 aptissima
618 1061 761 1124 quaeque
775 1041 899 1104 dubunt
911 1039 959 1118 di,

113 1141 217 1205 earior
230 1145 280 1204 est
293 1140 358 1204 illis
370 1140 467 1204 homo
481 1159 577 1222 quam
587 1139 659 1202 sibi.
702 1159 761 1203 nos
774 1139 956 1203 animorum

113 1238 247 1319 inpulsu
261 1243 294 1302 et
306 1257 398 1302 easea
411 1257 588 1320 magnaque
602 1237 755 1320 cupidine
767 1236 857 1300 dueti

113 1335 303 1418 coniugium
316 1335 455 1419 petimus
469 1339 660 1417 partumque
675 1334 793 1411 uxoris,
810 1333 923 1400 at-illis

114 1438 231 1498 notum
245 1433 301 1516 qui
315 1433 406 1517 pueri
420 1433 585 1516 qualisque
598 1434 711 1502 sutura
724 1433 767 1504 sit
779 1451 870 1497 uxor.

113 1535 153 1595 nt
165 1535 276 1595 tamen
290 1535 323 1596 et
336 1551 445 1613 poscas
457 1530 580 1612 aliquid
595 1519 770 1613 versasque
784 1529 905 1595 saeellis

114 1635 188 1693 exta
202 1634 236 1692 et
248 1627 413 1693 candiduli
426 1627 536 1692 divina
549 1628 709 1692 tomacula
722 1627 823 1712 porei,

114 1727 274 1790 orandum
287 1728 336 1790 est
347 1729 386 1789 ut
399 1723 443 1789 sit
456 1745 545 1789 mens
559 1745 636 1789 sana
648 1725 683 1788 in
697 1745 829 1808 corpore
842 1745 929 1791 sano.

113 1826 233 1890 iortem
247 1844 340 1908 posee
352 1823 497 1888 animum
511 1823 623 1887 mortis
637 1826 758 1887 terrore
771 1827 944 1901 arentem,

115 1921 172 2005 qui
186 1921 327 2005 spatium
340 1921 425 1986 vitae
437 1923 616 1984 extremum
630 1921 715 1984 iuter
729 1940 865 1984 munera
877 1923 978 2003 ponat

114 2024 260 2095 naturae,
277 2019 333 2102 qui
345 2019 430 2083 ierra
444 2022 540 2101 queat
554 2038 770 2102 quoscumque
783 2018 917 2095 laboras,
1034 2020 1037 2024 ’

113 2118 236 2182 neseiat
250 2116 354 2194 irasci,
369 2117 479 2200 cupiat
492 2117 586 2191 nihil,
602 2121 635 2179 et
649 2116 789 2199 potiores

114 2213 267 2280 Herculis
280 2235 448 2280 aerumnas
462 2214 570 2278 credat
584 2233 754 2296 saevosque
767 2214 891 2278 labores

113 2317 148 2377 et
161 2332 276 2378 venere
289 2316 323 2376 et
336 2311 422 2376 aenis
435 2315 468 2376 et
481 2311 592 2394 pluma
607 2310 837 2394 Sardanapalli.

113 2414 260 2474 monstro
274 2410 360 2491 quod
374 2408 441 2494 ipse
455 2408 516 2472 tibi
530 2407 630 2491 possis
643 2409 731 2488 dare,
747 2410 861 2474 semita
872 2413 959 2477 uerte

113 2507 307 2592 tranquillae
320 2527 377 2589 per
390 2507 543 2572 virtutem
557 2509 647 2588 patet
661 2508 756 2571 unica
770 2508 864 2572 vitae.

113 2606 245 2669 nullum
258 2625 379 2669 numen
392 2603 528 2690 habessi
542 2603 584 2666 sit
597 2605 781 2685 prudentia,
798 2625 857 2669 nos
870 2610 912 2683 te,

114 2723 174 2767 nos
187 2702 335 2780 facimus,
350 2702 506 2782 Fortuna,
522 2705 614 2769 deam
627 2704 777 2786 eaeloque
790 2703 942 2769 locamus.

557 2943 706 3000 SA'I'VRA
728 2941 769 2997 XI

116 3091 248 3155 Atticus
260 3089 375 3156 eximis
390 3090 417 3156 si
430 3095 533 3168 uenat,
549 3092 658 3156 lautus
670 3091 822 3154 habetur:

116 3190 144 3252 si
158 3189 298 3264 Rutilus,
314 3188 453 3253 demens.
497 3189 576 3271 quid
590 3189 676 3252 enim
690 3188 809 3251 maiore
821 3187 979 3254 eaehinno

117 3286 277 3368 excipitur
290 3284 379 3367 vulgi
393 3307 489 3369 quam
502 3307 623 3369 pauper
636 3285 796 3368 Apicius?
836 3285 940 3348 omnis

116 3384 282 3448 convietus
296 3383 438 3447 thermae
451 3383 613 3459 stationes,
629 3404 724 3447 omne
738 3383 901 3446 theatrum

117 3481 157 3545 de
171 3479 292 3545 Rutilo.
335 3499 411 3544 nam
424 3481 504 3544 (lum
514 3482 618 3546 valida
632 3502 668 3545 aa
682 3481 841 3545 iuvenalia
853 3479 997 3546 membra

118 3577 281 3642 sufficiunt
295 3577 402 3660 galeas
415 3579 557 3662 dumque
570 3579 661 3643 ardet
674 3578 841 3660 sanguine,
856 3578 963 3641 iertur

118 3696 182 3741 non
196 3677 330 3757 augente
343 3674 473 3759 quidem
487 3677 542 3740 sed
556 3697 614 3740 nee
628 3676 818 3758 prohibente
831 3673 962 3739 tribuna

119 3774 295 3859 scripturus
307 3772 392 3856 leges
405 3778 439 3838 et
452 3773 537 3856 regia
552 3773 647 3838 verba
659 3771 803 3838 lanistae.

245 3893 264 3946 6
396 3945 401 3948 -
521 3930 532 3940 ¹(
