2909 4284
534 331 668 383 SATVBA
689 332 754 384 ΧΠ

98 487 193 568 atqua
206 481 308 562 neias,
325 483 455 550 tandem
469 481 632 567 incipiunt
645 484 762 551 sentire
775 483 911 571 peractis

98 582 295 646 criminibus.
338 585 444 646 temen
458 582 499 645 ad
513 602 616 647 mores
628 586 746 648 natura
758 583 911 665 reorrrrit¹

97 680 262 744 damnatos
275 680 339 744 fixa
352 683 386 743 et
399 678 517 743 mutari
531 679 646 745 nescia.
689 701 765 746 nem
779 681 851 765 quia

98 776 249 858 peccandi
263 779 360 841 finem
373 776 481 860 posuit
495 777 580 841 sibi?
620 781 750 860 quaudo
762 779 882 863 reoepit

97 875 235 938 eiectum
248 876 344 940 semel
358 875 470 939 attrita
482 876 523 939 de
536 877 644 940 fronte
657 877 830 941 ruborem?

97 971 244 1054 quisnam
256 972 427 1037 hominum
440 977 489 1037 est
502 993 600 1054 quem
613 977 650 1036 tu
665 977 853 1039 contentum
866 973 983 1038 rideris
995 993 1064 1041 uno

96 1067 241 1151 flagitio?
282 1069 371 1134 dabit
385 1068 419 1133 in
433 1069 584 1152 laqueum
597 1069 731 1152 vestigia
744 1075 851 1135 noster

95 1166 236 1248 perfidus
249 1171 283 1232 et
297 1167 382 1250 nigri
396 1167 536 1252 patietur
550 1167 682 1232 omoeris
696 1188 817 1232 uneum

94 1268 151 1326 aut
165 1263 262 1329 meris
276 1263 393 1348 Aegaei
407 1283 520 1348 rupem
534 1265 741 1348 soopulosque
754 1266 936 1347 frequentes

95 1362 243 1428 exulibus
257 1361 390 1444 magnis.
423 1381 538 1446 poena
550 1362 702 1446 gaudebis
715 1383 823 1428 amere

94 1458 235 1524 nominis
248 1459 343 1524 invisi
356 1460 549 1542 tandemque
562 1460 701 1525 fatebere
714 1461 817 1525 laetus

93 1575 153 1620 neo
166 1555 301 1620 surdum
315 1575 374 1620 ueo
387 1555 537 1620 Teresian
552 1574 744 1639 quemquam
758 1576 824 1620 esse
837 1557 979 1623 deorum.

521 1793 670 1852 SATVRA
688 1794 756 1851 XIV
838 1789 844 1798 ’

93 1943 240 2009 Plurima
253 1945 340 2022 sunt,
356 1943 504 2021 Fusoine,
520 1947 553 2007 et
566 1943 652 2008 tama
665 1942 765 2026 digne
776 1925 906 2009 sinistra

92 2046 126 2106 et
139 2041 254 2106 nitidis
267 2042 425 2106 maculam
439 2041 606 2105 haesuram
619 2040 753 2123 ligantis
766 2043 870 2118 rebus,

94 2159 177 2224 quse
192 2143 372 2204 monstrant
384 2138 446 2222 ipsi
459 2138 567 2220 pueris
580 2137 778 2222 traduntque
791 2144 949 2222 parentes.

93 2238 120 2302 ri
134 2238 288 2302 damnosa
301 2255 407 2301 senem
420 2236 511 2300 iuvat
524 2236 602 2312 elea,
618 2235 704 2300 ludit
717 2240 751 2300 et
763 2235 855 2302 heres

92 2335 237 2399 bullatus
249 2355 408 2418 parvoque
422 2332 531 2398 eedem
546 2338 652 2399 moret
664 2354 754 2398 arma
765 2334 892 2401 fritillo.

92 2453 153 2498 neo
166 2432 282 2496 melius
295 2432 335 2496 de
348 2452 381 2496 se
393 2430 544 2514 uniquam
558 2451 682 2516 sperare
695 2433 878 2515 propinquo

92 2530 247 2595 concedet
260 2527 395 2606 iuvenis,
412 2527 468 2612 qui
481 2529 590 2594 redere
604 2529 716 2594 tubera
729 2533 843 2607 terras,

92 2628 237 2692 boletum
252 2626 381 2691 oondire
394 2631 428 2691 et
441 2627 553 2691 eodem
567 2626 636 2691 iure
650 2627 792 2691 natantis

92 2745 237 2808 mergere
250 2725 400 2788 ficedulas
414 2724 529 2788 didicit
541 2723 699 2789 nebulone
712 2729 846 2808 parente

92 2827 128 2887 et
141 2843 222 2887 aena
235 2825 432 2887 monstrante
445 2821 536 2905 gule3
557 2841 632 2887 oum
646 2822 801 2903 septimus
813 2842 919 2889 annus

91 2919 258 2984 transierit
272 2938 418 3004 puerum,
435 2919 579 2983 nondum
594 2919 682 2984 omui
697 2919 793 2983 dente
805 2925 927 2996 renato,

91 3017 243 3082 barbatos
256 3016 332 3082 lieet
344 3017 511 3082 admoveas
524 3017 613 3081 mille
627 3017 703 3081 inde
716 3016 895 3100 magistros,

91 3114 172 3179 hino
186 3107 334 3190 totidem,
348 3114 457 3198 oupiet
470 3113 559 3178 leuto
572 3134 683 3179 cenare
696 3118 812 3198 paratu

92 3230 219 3296 semper
232 3215 266 3276 et
278 3232 298 3276 a
311 3231 428 3296 magna
440 3231 507 3277 non
519 3212 710 3295 degenerare
724 3211 842 3278 eulina.

91 3311 208 3374 mitem
221 3309 368 3374 animum
380 3313 414 3374 et
427 3329 529 3375 mores
542 3308 677 3376 modieis
690 3310 851 3376 erroribus
864 3329 981 3394 aequos

90 3405 360 3492 praecipitatque
373 3405 495 3472 animes
507 3425 671 3473 serrorum
684 3413 718 3474 et
731 3428 863 3493 eorpora
875 3412 984 3474 nostra

90 3505 228 3572 materia
240 3509 384 3571 constare
398 3509 493 3591 putet
504 3505 697 3590 paribusque
710 3506 886 3586 elementis,

90 3627 135 3670 em
148 3605 268 3680 saevire
281 3605 375 3668 deest
388 3603 517 3669 Rutilus
531 3605 587 3688 qui
600 3606 719 3689 gaudet
732 3607 843 3671 aeerbo

23 3781 28 3790 .
90 3705 262 3786 plagarum
276 3701 412 3784 strepitu
426 3706 459 3768 et
472 3702 595 3766 nullam
610 3695 722 3768 Sirene
735 3705 869 3786 flagellis

91 3803 256 3887 eruperat,
273 3798 468 3883 Antiphates
480 3799 599 3883 trepidi
611 3800 687 3866 laris
699 3821 737 3866 ao
751 3801 977 3886 Polyphemus,
