2909 4284
226 315 265 380 ³4
595 306 629 360 u
653 307 751 358 rursu
773 309 965 360 mussans

223 462 436 545 hippomanes
450 477 645 544 carmenque
659 458 774 544 loquar
788 464 982 544 coctumque
996 479 1158 527 venenum

222 559 437 641 privignoque
454 556 595 620 datum?
635 558 765 621 iaciunt
779 559 927 640 graviore
940 564 1070 624 coactae

221 656 359 740 imperio
374 675 469 720 sexus
481 653 718 738 minimumque
732 657 871 722 libidine
884 662 1031 740 peccaut.

264 753 408 838 ‘optima
423 751 480 816 sed
495 769 595 834 quare
611 751 793 818 Censennia
806 761 891 818 teste
905 755 1022 819 marito
1037 753 1072 820 i'

221 853 272 917 bis
287 853 451 937 quingena
465 848 566 914 dedit.
613 851 699 913 tanti
714 857 810 916 vocat
824 853 880 916 ille
893 852 1057 934 pudicam,

222 971 282 1014 nee
296 948 457 1034 pharetris
473 947 608 1012 Veneris
626 966 735 1012 macer
749 955 798 1014 eet
812 955 870 1014 aut
883 951 1032 1033 lampade
1044 951 1163 1017 ferret.

222 1048 299 1112 iude
312 1048 400 1112 iaces
414 1046 541 1123 ardent,
560 1044 698 1110 veniunt
712 1066 732 1111 e
745 1047 823 1112 dote
836 1048 984 1130 sagittae.

222 1145 354 1210 libertas
369 1144 498 1208 emitur.
545 1163 653 1208 ceram
667 1143 746 1208 licet
760 1143 878 1208 innuat
891 1149 990 1227 atque

223 1242 399 1319 rescribat;
420 1241 520 1306 vidua
534 1244 594 1316 eet,
611 1241 758 1324 locuples
772 1260 854 1325 quau
867 1241 980 1324 nupsit
993 1259 1101 1308 armo·

265 1344 346 1403 ‘cur
360 1337 519 1402 desiderio
536 1338 672 1402 Bibulae
688 1338 850 1403 Serterim
863 1339 956 1403 ardet
970 1337 1004 1403 i'

223 1436 250 1501 si
264 1455 377 1501 verum
392 1435 547 1512 excutias,
565 1435 676 1512 iacies,
693 1453 761 1498 non
775 1455 857 1499 uror
871 1440 1010 1503 amatur.

224 1539 290 1599 tres
304 1553 404 1616 rugae
419 1533 556 1596 subeerm
571 1536 653 1597 etse
668 1533 753 1596 cutis
767 1533 858 1596 arida
870 1533 971 1612 leret,

223 1633 305 1694 fiant
315 1629 443 1694 obscuri
459 1630 574 1694 dentes
588 1629 740 1712 oculique
753 1631 917 1696 minores:

226 1728 362 1810 ‘collige
377 1726 575 1792 sarcinules'
589 1726 678 1790 dicet
692 1727 829 1792 libertus
846 1729 899 1792 ‘et
913 1726 976 1793 exi.

223 1825 288 1889 iam
302 1823 457 1908 gravisus
471 1823 566 1887 nobis
580 1825 614 1887 et
628 1843 723 1906 saepe
738 1823 933 1907 emungeris.
976 1823 1031 1892 exi
1049 1855 1051 1859 ·

224 1924 314 1987 ocius
327 1926 362 1986 et
375 1919 536 2005 propera'
577 1920 663 1985 sicco
677 1922 769 1985 renit
783 1921 885 1986 altere
897 1942 986 1986 naso.

223 2021 348 2084 interea
361 2018 445 2083 calet
460 2023 494 2082 et
507 2022 623 2100 regnat
636 2018 806 2101 poscitque
820 2018 976 2084 maritum

223 2121 367 2198 pastores
381 2119 415 2179 et
428 2133 522 2182 ovem
538 2113 736 2178 Canusinam
750 2115 920 2198 ulmosque
934 2115 1135 2182 Falernas-

224 2212 420 2295 quentulum
434 2211 470 2275 in
483 2211 546 2275 hoc
560 2211 734 2295 i-pueroe
748 2232 870 2287 omues,
888 2213 1053 2295 ergastule
1065 2217 1150 2289 tota,

223 2310 374 2392 quodque
390 2308 477 2372 domi
491 2329 558 2372 uon
573 2312 633 2382 est,
651 2309 708 2372 sed
721 2309 820 2372 babet
833 2309 972 2386 vicinus,
989 2314 1127 2374 ematur.

223 2425 332 2470 meuse
346 2405 479 2489 quidem
493 2406 637 2482 brumae,
655 2425 720 2489 quo
734 2406 799 2469 iam
810 2410 970 2470 mercatur
984 2405 1058 2470 Isse

223 2504 362 2580 clausus,
378 2507 411 2567 et
425 2502 558 2566 ermetis
574 2506 683 2586 opstat
698 2522 772 2567 cese
786 2502 925 2566 candide
938 2504 1061 2582 nautis,

222 2601 359 2685 grandis
371 2600 536 2665 tolluntur
550 2600 748 2682 crystallina,
765 2601 905 2664 maxima
918 2620 1031 2665 rursus

222 2697 400 2782 myrrhina,
417 2697 535 2761 deinde
549 2698 703 2761 adamans
718 2697 908 2761 notissimus
922 2703 956 2763 et
969 2696 1144 2765 Berenices

222 2798 257 2861 in
272 2795 376 2878 digito
390 2795 499 2859 iactus
513 2794 695 2878 pretiosior.
740 2794 829 2858 huuc
843 2794 936 2859 dedit
950 2795 1030 2860 olim

221 2893 377 2957 barbarus
390 2890 544 2967 incestae,
562 2891 654 2954 dedit
668 2891 757 2955 hunc
772 2892 919 2974 Agrippa
933 2891 1047 2971 sorori,

222 2990 394 3054 observant
406 2986 463 3052 ubi
476 2988 562 3051 leste
576 3008 666 3052 mero
679 2989 762 3072 pede
777 2989 910 3053 sabbate
924 3009 1016 3072 reges

222 3089 256 3151 et
270 3090 364 3150 retus
378 3084 530 3166 indulget
544 3085 675 3149 senibus
692 3085 866 3150 clementie
878 3087 994 3170 porcis.

264 3182 416 3247 ‘nullane
431 3182 471 3244 de
486 3182 589 3245 tantis
605 3182 760 3265 gregibus
775 3183 836 3247 tibi
851 3185 951 3266 digna
963 3183 1097 3249 videtur
1106 3179 1145 3250 θ’

222 3279 267 3344 sit
279 3279 421 3344 formosa
435 3279 552 3342 decens
568 3278 657 3342 dives
671 3279 824 3356 secunde,
840 3286 988 3346 vetustos

222 3375 401 3460 porticibus
416 3376 569 3458 disponat
582 3396 668 3451 avos,
684 3375 840 3440 intactior
854 3377 943 3442 omni

222 3472 365 3538 crinibus
380 3474 491 3538 effusis
505 3473 627 3538 ballum
641 3473 816 3538 dirimente
830 3473 959 3550 Sabina,

221 3591 293 3634 rere
307 3570 374 3634 avis
388 3571 423 3634 in
439 3570 534 3634 terris
548 3569 707 3653 nigroque
719 3570 884 3634 simillime
897 3591 1020 3654 cycno:

222 3667 294 3749 quis
308 3668 393 3731 ieret
407 3687 542 3730 uxorem
556 3666 610 3730 cui
625 3670 778 3730 constant
794 3668 928 3732 omnia?
966 3669 1066 3747 malo,

222 3763 307 3828 malo
320 3764 522 3828 Venusinam
536 3783 633 3848 quam
648 3766 693 3838 te,
710 3761 871 3838 Cornelia,
887 3771 992 3830 muter
1052 3753 1055 3757 ⁵
