2909 4284
242 303 288 374 68
612 320 645 370 o.
670 319 768 372 rvrm
787 320 980 372 rrrruumo

244 470 405 538 lataadao
417 490 585 558 perquam
598 472 958 552 oollareevaeitVlixeo3
990 553 996 562 .
1236 491 1239 498 ·
1298 478 1334 542 66

244 569 325 632 alter
337 570 491 634 emendus
504 569 576 646 erit,
592 589 732 652 namque
744 571 798 635 hio
810 590 877 634 non
890 570 1019 648 suffieit,
1034 572 1128 638 ambo

244 667 405 750 pmoendi.
448 667 632 750 quidugum
646 668 940 752 brumaepirauto?
980 670 1070 753 quid,
1085 689 1152 745 oro,

245 765 324 849 qnid
337 765 442 829 diuam
455 766 593 849 neapolie
606 785 779 849 puerorum
791 766 942 848 aquilone
955 766 1116 832 deoembri

244 863 452 946 etpedibus?
493 863 639 928 “durate
652 867 749 946 atque
762 868 928 946 expectate
939 863 1120 930 oioaduu?”

245 979 356 1026 verum
370 964 409 1024 ut
421 959 610 1037 dissimules,
626 965 665 1024 ut
678 961 789 1026 mittar
802 965 917 1037 uetera,
934 971 1056 1044 quanto
1301 964 1336 1029 '10

246 1059 368 1124 metiris
380 1058 494 1142 pretio,
511 1059 595 1142 quod
609 1057 645 1122 ni
659 1058 718 1122 tibi
732 1058 861 1124 deditus
873 1079 974 1124 aeeem

245 1153 443 1239 devotusque
457 1156 566 1233 elieue,
582 1159 734 1220 uxortua
746 1156 838 1238 virgo
849 1160 1020 1222 maneret?

246 1254 306 1318 eois
319 1259 404 1318 uerte
418 1254 533 1337 quibua
546 1254 607 1318 ieta
620 1253 734 1329 modis,
751 1273 848 1336 quum
861 1275 953 1338 eaope
965 1253 1087 1336 rogaris

246 1356 279 1416 et
292 1371 373 1435 quae
386 1351 558 1435 pollioitue.
602 1350 781 1434 fugientem
795 1372 886 1435 eaopo
898 1353 1041 1436 puellum
1107 1340 1112 1352 ⁸

243 1450 396 1533 amplexu
410 1449 518 1532 rapni3
538 1447 662 1512 tabulae
676 1468 802 1532 quoqne
815 1453 947 1532 ruperat
958 1449 1071 1516 etiam
1306 1451 1342 1517 id

247 1547 403 1630 signabat,
421 1551 487 1610 tota
499 1547 554 1610 vix
566 1546 628 1612 hoe
641 1565 700 1629 ego
713 1553 807 1610 noeto
821 1547 941 1612 redemi

246 1649 280 1710 te
292 1645 438 1729 plorante
450 1643 543 1721 iorie3
565 1643 654 1710 testie
667 1643 749 1708 mihi
763 1644 901 1708 lentulus
913 1648 947 1708 et
960 1647 1010 1721 tn,

157 1803 158 1806 ,
246 1743 288 1808 ad
302 1763 398 1826 quem
411 1741 557 1826 pervenit
569 1741 644 1806 lenti
657 1760 755 1806 sonus
767 1745 801 1806 et
814 1741 962 1806 dominae
976 1761 1048 1807 vox.

247 1841 395 1905 instabile
408 1861 445 1904 ao
458 1839 568 1904 dirimi
582 1843 732 1922 ooeptum
744 1844 778 1904 et
791 1839 856 1903 iam
869 1859 970 1922 paene
983 1839 1126 1905 uolntnm

247 1937 433 2021 ooniugium
446 1937 482 2000 in
495 1937 608 2000 multis
620 1936 768 2001 domibue
781 1937 918 2002 servavit
930 1937 1067 2002 adulter.

248 2057 312 2120 quo
325 2039 358 2100 te
371 2035 591 2116 oiroumogmi
630 2054 710 2117 quae
723 2033 829 2118 prima
840 2026 899 2098 ant
912 2035 1028 2098 ultima
1040 2035 1165 2117 ponae?

247 2133 376 2198 nullum
390 2152 465 2214 ergo
477 2131 630 2220 meritum
643 2135 702 2207 eet,
717 2129 843 2212 ingrate
856 2152 894 2196 uo
907 2132 1038 2214 perfido,
1053 2131 1195 2208 nullum,

248 2230 334 2313 quod
348 2228 409 2292 tibi
422 2229 539 2293 filiolue
551 2229 603 2292 vei
617 2228 683 2293 filio
696 2227 840 2292 naeoitur
852 2248 892 2292 ex
906 2231 982 2292 me?

247 2327 336 2392 tollis
348 2326 436 2391 enim
449 2330 482 2389 et
495 2325 585 2390 libris
597 2329 742 2389 autorum
756 2345 904 2409 spargere
916 2325 1036 2408 gaudee

247 2428 437 2508 argumenta
449 2423 521 2488 viri.
564 2423 686 2487 ioribue
700 2424 1017 2505 suspendoooronae:

247 2523 312 2588 iam
326 2526 417 2605 pater
428 2542 473 2598 ee,
487 2521 634 2587 dedimus
648 2521 735 2603 quod
748 2521 852 2585 famae
865 2540 1025 2603 opponere
1038 2519 1148 2604 poeuis.

247 2621 319 2686 iura
332 2619 473 2703 parentis
485 2619 591 2695 habes,
607 2623 739 2703 propter
751 2639 803 2682 me
816 2617 962 2683 eor-iberis
975 2619 1077 2695 hereo,

247 2718 390 2800 legatum
403 2737 498 2782 omne
510 2716 596 2799 oapie
611 2737 669 2780 neo
682 2736 748 2780 non
761 2719 796 2780 et
808 2717 902 2780 duloe
915 2717 1084 2780 ouduoum.

248 2815 414 2880 oommodu
426 2817 587 2897 praeterea
599 2814 776 2896 iungentur
789 2813 1043 2890 multandum,

240 2913 276 2979 ei
289 2933 470 2988 numerum,
487 2910 514 2975 ei
527 2915 591 2975 troo
603 2911 803 2994 implevero’
845 2910 929 2976 iusta
942 2911 1072 2986 doloris,

248 3011 400 3087 Naevolo,
416 3029 509 3073 eausa
522 3009 586 3087 tui3
608 3014 719 3073 eontra
732 3012 842 3072 tamon
854 3009 909 3073 ille
922 3009 1003 3091 qnid
1015 3009 1148 3073 edtertt

292 3106 453 3190 ‘neglegit
466 3109 562 3187 atque
575 3103 675 3169 alium
688 3105 836 3187 bipedem
850 3105 912 3169 sibi
925 3105 1051 3188 quaerit
1062 3105 1207 3169 anellum.

248 3207 327 3272 haee
340 3204 398 3269 soli
412 3202 578 3267 oommieea
591 3203 651 3265 tibi
664 3203 765 3266 oelare
778 3206 950 3279 memento,

249 3307 283 3368 et
295 3303 413 3367 tuoitue
425 3303 549 3364 nostrae
562 3298 649 3362 intra
661 3302 694 3362 te
708 3300 770 3382 fige
784 3300 950 3382 querellae.

249 3421 325 3468 nam
338 3419 388 3463 ree
400 3397 566 3462 mortifera
579 3399 627 3460 est
639 3395 789 3460 inimiouu
803 3397 930 3478 pumioe
943 3397 1037 3477 lerie3

250 3499 306 3582 qui
320 3499 415 3561 modo
429 3499 584 3560 seoretum
598 3495 824 3569 oommieeerat,
841 3495 933 3558 ardet
945 3499 980 3558 at
992 3494 1073 3572 odit,

249 3601 414 3679 tamquam
427 3595 622 3678 prodiderim
636 3592 794 3676 quidquid
808 3592 884 3657 eoio.
927 3613 1051 3658 sumere
1064 3594 1200 3670 ferrum,

249 3695 336 3758 iuste
349 3693 470 3776 aperire
484 3696 591 3775 eaput,
607 3691 772 3756 candelam
785 3691 943 3773 adponere
957 3689 1056 3755 vulvis

251 3809 317 3854 non
331 3789 469 3855 dubitat.
511 3809 570 3852 noo
583 3791 767 3851 contemnas
780 3790 837 3850 aut
851 3786 1005 3870 doapieiae
1018 3785 1106 3871 quod
