2909 4284
238 301 299 368 106
601 320 634 368 o.
658 319 756 370 rrnrr
776 318 970 372 irrorans

237 465 409 544 curriculo,
426 486 522 551 quem
536 467 563 533 si
577 487 713 546 revoces,
729 468 901 536 subsistam
913 466 1017 534 nescit

237 567 271 628 et
285 568 316 628 te
330 569 514 648 contempto
528 567 653 649 rapitur
666 567 824 651 metisque
837 567 966 632 relictis

237 678 334 725 nemo
346 661 423 726 satis
435 662 538 726 eredit
551 667 678 728 tantum
693 664 883 746 delinquere
897 666 1057 746 qnantum

237 757 418 840 permittrs3
439 759 518 824 adeo
531 759 703 844 indulgent
713 761 773 826 sibi
788 761 887 826 latius
899 761 973 844 ipsi.

237 875 313 920 curu
326 855 406 920 diois
418 856 527 920 iuveni
541 857 690 933 stultum,
707 859 765 940 qui
778 859 878 922 donst
889 859 1004 934 amico,

238 952 295 1032 qui
308 957 528 1035 paupertatem
541 954 626 1018 leret
639 955 830 1037 attollatque
842 954 1029 1037 propinqui,

237 1053 271 1114 et
285 1049 422 1133 spoliare
436 1051 532 1116 doces
546 1055 580 1126 et
594 1051 858 1116 circumscribere
872 1054 908 1113 et
921 1049 1012 1113 omni

236 1148 370 1213 crimine
382 1147 512 1212 divitiae
525 1148 704 1230 adquirere,
717 1165 857 1230 quarum
868 1165 960 1210 amor
972 1144 1009 1208 in
1021 1146 1056 1206 te

236 1248 377 1328 quantus
390 1248 458 1310 erat
471 1244 593 1327 patriae
607 1244 781 1309 Deciorum
794 1243 830 1308 in
843 1247 984 1327 pectore,
1000 1240 1161 1321 quantum

238 1341 350 1407 dilexit
363 1342 499 1418 Thebas,
516 1343 543 1407 si
557 1342 689 1406 Graecia
700 1361 787 1418 vera,
803 1341 1004 1414 Menoeceus,

236 1438 272 1502 in
285 1457 423 1521 quorum
437 1439 532 1503 sulcis
545 1439 685 1522 legiones
697 1438 850 1502 dentibus
862 1436 980 1519 anguis

235 1554 311 1599 eum
324 1535 435 1618 clipeis
448 1539 625 1600 nascuntur
637 1540 671 1600 et
684 1535 815 1600 horrida
828 1535 914 1600 bella
925 1533 1100 1614 capessunt

235 1632 401 1709 continuo,
417 1634 581 1715 tamquam
595 1637 628 1696 et
641 1632 774 1696 tubicen
787 1629 963 1696 surrexerit
976 1647 1051 1692 una.

235 1749 310 1812 ergo
325 1729 443 1812 ignem,
459 1729 552 1794 ouius
564 1729 720 1794 scintillas
732 1728 801 1812 ipre
813 1727 944 1802 dedisti,

236 1826 424 1908 flagrantem
438 1827 504 1892 lata
517 1830 551 1890 et
564 1826 742 1908 rapientem
754 1830 873 1891 cuncta
886 1823 1020 1889 ridebis

236 1943 295 1986 nec
309 1923 367 1988 tibi
381 1927 530 2005 parcetur
543 1923 668 1999 misero,
684 1923 914 2005 trepidumque
928 1920 1122 2002 magistrum

235 2021 271 2083 in
284 2039 377 2084 cavea
390 2039 505 2100 magno
519 2018 652 2083 fremitu
666 2020 716 2084 leo
728 2020 823 2084 tollet
834 2019 999 2084 alumnus.

236 2120 313 2179 uota
325 2114 557 2180 mathematicis
569 2115 695 2198 genesis
708 2119 777 2191 tua,
793 2117 849 2180 sed
862 2135 958 2198 grave
973 2113 1083 2178 tardus

235 2214 400 2292 expectare
413 2212 516 2289 colus;
537 2212 681 2276 morieris
694 2212 831 2277 stamine
843 2212 993 2275 nondum

236 2307 381 2389 abrupto.
424 2308 488 2372 iam
501 2327 589 2372 nunc
603 2309 708 2373 obstas
720 2311 755 2372 et
767 2312 843 2372 vota
855 2307 1001 2383 moraris,

236 2402 300 2464 iam
313 2406 442 2484 torquet
455 2404 603 2470 iuvenem
616 2404 714 2487 longa
725 2410 760 2470 et
771 2405 902 2468 cervina
914 2406 1073 2468 senectus.

236 2498 324 2562 ocius
337 2498 550 2581 Archigenem
564 2521 680 2582 quaero
693 2506 791 2584 atque
804 2522 874 2566 eme
889 2501 977 2583 quod
991 2499 1202 2563 Mithridates

236 2594 428 2675 composuit3
450 2596 476 2658 si
491 2597 538 2659 vis
550 2597 646 2660 aliam
661 2599 831 2681 decerpere
844 2599 944 2662 ficum
991 2603 995 2611 '

236 2694 332 2770 atque
345 2690 423 2754 alias
435 2694 570 2756 tractare
583 2713 679 2770 rosas,
696 2695 895 2759 medicamen
908 2694 1098 2758 habendum
1110 2696 1173 2769 est,

237 2785 360 2849 sorbere
372 2790 447 2850 ante
460 2788 568 2851 cibum
582 2790 668 2871 quod
682 2791 796 2855 debeat
809 2796 843 2854 et
856 2795 948 2873 pater
961 2795 996 2854 et
1009 2790 1092 2855 rex!

278 2885 419 2945 monstro
432 2884 627 2965 voluptatem
641 2887 813 2969 egregiam,
830 2887 884 2951 cui
898 2889 992 2951 nulla
1004 2888 1145 2962 theatra,

237 2977 328 3040 nulla
340 2997 473 3058 aequare
487 2999 582 3060 queas
594 2985 750 3063 praetoris
762 2985 892 3068 pulpita
904 2984 999 3062 lauti,

239 3074 266 3136 ai
279 3077 401 3154 spectes
414 3080 533 3156 quanto
547 3079 660 3159 capitis
673 3081 859 3146 discrimine
871 3084 1024 3145 constent

239 3168 435 3232 incrementa
447 3171 571 3246 domus,
587 3178 694 3237 aerata
707 3178 831 3240 multus
844 3177 880 3240 in
892 3199 968 3242 arca

240 3265 333 3326 flacus
345 3268 379 3327 et
391 3264 432 3328 ad
446 3265 575 3346 vigilem
588 3271 728 3349 ponendi
744 3272 875 3337 Oastora
887 3274 1017 3338 nummi

239 3378 278 3420 ex
293 3378 356 3441 quo
370 3359 455 3424 Mars
468 3361 562 3425 Vltor
575 3365 696 3444 galeam
710 3388 836 3450 quoque
849 3372 993 3453 perdidit
1006 3375 1041 3435 et
1053 3391 1107 3436 res

240 3472 305 3516 non
318 3455 425 3536 potuit
439 3477 559 3522 servare
573 3480 653 3526 suas.
697 3484 773 3545 ergo
785 3467 895 3529 omnia
907 3468 1023 3532 Florae

239 3552 273 3610 et
287 3549 407 3613 Oersrir
420 3551 495 3616 licet
507 3557 540 3616 et
555 3553 684 3636 Oybeles
696 3561 807 3624 aulaea
820 3563 1000 3645 relinquam

240 3645 330 3706 tanto
343 3644 475 3709 maiores
488 3647 628 3714 humana
641 3655 769 3735 negotia
781 3657 862 3720 ludi.

239 3755 281 3800 an
295 3739 396 3820 magis
408 3740 567 3806 oblectant
579 3745 722 3811 animum
736 3749 854 3817 iactata
865 3759 1002 3836 petauro
